3505 5335
579 327 660 408 78
997 388 1002 395 ,
1756 341 1945 394 Briefe.
2875 344 2918 412 J.
2965 358 3113 411 1272.

1787 495 1891 565 42.

792 618 956 709 (Der
1011 622 1393 710 Provinzial)
1454 619 1621 687 bittet
1673 623 1786 687 den
1840 620 2333 710 Ordensgeneral
2387 648 2488 689 um
2545 623 2725 712 Hilfe
2779 648 2970 711 gegen
3023 626 3119 691 die

579 710 898 798 Apostatin
940 709 1281 796 Wilburgis
1324 732 1441 775 von
1479 709 1653 776 stille
1686 708 2067 797 (Wilburgis
2113 714 2367 792 nomine,
2416 712 2487 777 de
2524 711 2700 778 stille
2747 714 3117 802 agnomine),

578 798 823 878 welche,
874 798 1163 863 nachdem
1209 800 1292 862 sie
1337 797 1450 862 das
1482 797 1722 863 Kloster
1760 797 1845 864 St.
1880 798 2190 864 Elisabeth
2237 798 2330 864 bei
2364 799 2729 953 &ras-‘buri
2775 813 2952 867 unter
2983 801 3115 866 dem.

590 886 926 951 Vorwande
970 909 1087 951 von
1120 884 1456 951 Krankheit
1499 886 1808 951 verlassen
1855 887 1983 951 und
2026 889 2137 952 mit
2182 889 2368 952 einem
2403 888 2560 974 14th
2602 890 2688 953 sic
2773 888 3119 954 verbunden

580 973 753 1055 habe,
800 973 1100 1039 nunmehr
1145 973 1242 1038 ihr
1287 975 1380 1039 ins
1421 972 1662 1039 Kloster
1706 973 2164 1059 mitgebrachtes
2207 973 2364 1040 Erbe
2394 988 2570 1040 unter
2602 975 2848 1041 allerlei
2890 979 3118 1064 irrigen

582 1061 879 1149 Angaben
926 1060 1465 1148 zuriickverlange.
1561 1058 1774 1149 (Nach
1828 1063 2044 1153 1270.)

794 1271 905 1325 Fol.
949 1287 1031 1325 zo.
1106 1272 1266 1325 Gedr.
1308 1272 1505 1325 Ztschr.
1548 1271 1581 1324 f.
1621 1272 1822 1325 Gesch.
1863 1272 1910 1325 d.
1952 1271 2278 1325 Oberrheins
2320 1273 2385 1326 N.
2426 1272 2481 1327 F.
2521 1273 2586 1339 V,
2633 1289 2722 1341 535
2767 1274 2800 1327 f.

1808 1461 1913 1531 43.

795 1587 918 1652 Die
984 1586 1353 1673 Difinitoren
1423 1586 1524 1652 des
1588 1585 2201 1674 Provinzialkapitels
2274 1584 2377 1675 (zu
2452 1588 2665 1678 Basel)
2745 1588 2922 1654 teilen
2990 1589 3122 1654 dem

596 1673 1090 1776 Ordensgenfrass
1137 1671 1494 1827 (Iol-mnne?
1542 1674 1637 1776 {iic
1678 1675 1768 1739 W
1762 1674 1871 1740 ahl
1924 1674 2506 1778 desutSJtrassburger
2552 1674 2798 1741 Lektors
2845 1674 3121 1765 (Ulrich)

584 1787 727 1849 zum
775 1762 1133 1849 Provmzzal
1179 1775 1288 1827 mzt
1333 1786 1414 1827 un
1504 1761 1685 1827 bztten
1734 1786 1837 1829 um
1884 1763 2305 1850 Bestatzgung.
2399 1761 2652 1854 (1272.)

797 1866 1177 1935 Venerabili.
1282 1866 1680 1933 Diffinitores
1751 1867 2001 1954 capituli
2065 1868 2486 1955 provincialis,
2597 1869 2765 1935 Cum
2841 1893 3123 1935 essemus

586 1957 812 2043 prioris
843 1954 1245 2043 provincialis
1278 1954 1504 2021 solatio
1540 1954 1820 2021 destituti
1853 1957 2220 2022 convocatis
2254 1968 2316 2022 et
2348 1956 2872 2023 convenientibus
2905 1980 3128 2024 secun-

588 2043 742 2111 dum
789 2056 1016 2110 statuta
1063 2042 1302 2109 ordinis
1351 2042 1748 2123 electoribu8‚
1797 2044 1902 2131 qui
1942 2042 2251 2110 debebant
2282 2062 2387 2111 aut
2433 2057 2729 2131 poterant
2776 2045 3123 2111 commode

588 2134 921 2213 interesse,
984 2130 1062 2198 ad
1121 2131 1501 2198 electionem
1562 2133 1992 2217 processimus
2049 2154 2160 2218 per
2216 2133 2619 2212 scrutinium,
2686 2133 2855 2219 prius
2911 2144 3125 2198 tamen

587 2222 785 2287 sancti
818 2221 1069 2306 spiritus
1100 2220 1299 2305 gratia
1329 2219 1638 2286 invocata.
1706 2219 2001 2307 Cumque
2034 2221 2233 2306 major
2268 2243 2407 2306 pars
2439 2217 2584 2286 licet
2615 2242 2748 2285 non
2782 2219 3088 2287 medietas
3110 2225 3129 2263 ¹

591 2309 971 2395 eligencium
1041 2309 1107 2373 in
1167 2307 1422 2373 fratrem
1493 2305 1854 2395 Ul(ricum)
1920 2307 2229 2374 lectorem
2291 2309 2831 2394 Argentinensem
2906 2309 3129 2374 oculos

590 2398 1041 2477 convertisset,
1101 2394 1181 2462 ad
1246 2396 1616 2462 scrutinium
1672 2396 2101 2482 processimus
2160 2397 2405 2462 iterato.
2510 2396 2665 2476 Quo
2724 2419 2880 2462 mox
2933 2395 3127 2483 publi·

588 2497 732 2551 cato
796 2497 858 2551 et
906 2483 1244 2550 collatione
1299 2481 1638 2571 sequ(u)ta
1696 2484 1983 2570 apperuit
2031 2480 2385 2566 evidenter,
2450 2483 2624 2572 quod
2677 2483 2874 2570 longe
2930 2486 3130 2570 major

590 2595 730 2660 pars
777 2571 1114 2638 medietate
1171 2573 1463 2637 omnium
1525 2571 1904 2657 eligencium
1967 2569 2275 2658 prefatum
2336 2571 2646 2638 lectorem
2692 2573 3131 2639 nominaverat

591 2663 657 2726 in
712 2662 1023 2748 priorem,
1088 2660 1187 2726 cui
1235 2660 1558 2727 consensit
1618 2657 1858 2747 placide
1905 2683 2046 2747 pars
2093 2660 2327 2748 reliqua
2376 2684 2452 2726 ex
2499 2672 2645 2747 post
2690 2658 2877 2727 facto.
2962 2660 3130 2727 Cum

592 2751 780 2836 igitur
805 2747 975 2815 dicto
1008 2749 1229 2815 lectori
1260 2770 1519 2814 morum
1553 2748 1874 2829 honestas,
1905 2748 2253 2815 litterarum
2287 2749 2558 2815 sciencia
2590 2760 2652 2814 et
2675 2749 2802 2815 vite
2834 2749 3128 2814 sanctitas

592 2837 994 2924 suffragetur,
1058 2860 1180 2924 que
1226 2834 1407 2902 vobis
1455 2834 1532 2902 de
1591 2834 1976 2902 habundanti
2039 2835 2370 2902 referimus
2431 2837 2556 2901 iam
2605 2836 2904 2922 expertiS,
2965 2837 3131 2902 vires

593 2948 847 3014 quoque
880 2925 1038 3012 plu3‚
1087 2947 1276 3011 quam
1309 2923 1464 2989 olim
1510 2922 1859 3010 putabatur,
1908 2936 2243 3011 suppetant
2288 2935 2350 2990 et
2382 2922 2548 2989 aliud
2583 2925 2965 2990 canonicum
2997 2947 3133 2990 non

594 3013 874 3093 obsistat,
922 3013 1361 3099 paternitatem
1401 3024 1698 3092 vestram,
1747 3035 1890 3077 cum
1928 3035 2049 3100 qua
2093 3035 2453 3100 possulum,
2503 3011 2858 3078 devocione
2905 3012 3135 3099 suppli-

594 3102 748 3168 citer
805 3122 1169 3180 exoramuS,
1231 3101 1520 3188 quatinus
1575 3099 1808 3166 dictam
1869 3111 2153 3166 nostram
2214 3099 2595 3166 electionem
2654 3098 2918 3187 provide
2975 3099 3134 3167 cele-

593 3189 831 3256 bratam
878 3187 1093 3255 favore
1126 3185 1424 3254 benivolo
1472 3199 1930 3275 prosequentes
1982 3189 2209 3254 curetis
2257 3188 2643 3274 benignitate
2692 3186 2874 3254 solita
2905 3187 3134 3254 confir-

597 3301 788 3344 mare.
882 3277 1246 3343 Electorum
1294 3288 1503 3342 autem
1553 3276 1670 3342 hec
1720 3288 1870 3342 sunt
1917 3278 2198 3341 nomina.

810 3496 827 3525 ¹
868 3487 1154 3540 medietate
1195 3486 1296 3540 HS.

810 3662 921 3717 Fol.
967 3662 1029 3715 16
1048 3674 1100 3716 V.
1178 3661 1360 3715 Ulrich
1398 3661 1581 3718 wurde
1625 3677 1758 3730 1272
1799 3660 1894 3713 auf
1924 3660 2048 3713 dem
2087 3661 2575 3731 Provinzialkapitel
2616 3679 2679 3713 zu
2708 3661 2862 3714 Basel
2900 3661 3138 3731 gewahlt

599 3751 705 3803 und
749 3765 879 3819 1277
921 3751 1222 3803 absolviert.
1298 3740 1444 3803 Uber
1483 3751 1572 3802 ihn
1612 3750 1717 3802 und
1757 3749 1905 3802 seine
1944 3749 2139 3803 Werke
2179 3749 2285 3819 vgl.
2326 3749 2752 3811 Quetif-Echard
2789 3750 2828 3815 Ι,
2873 3747 2985 3818 356.

1816 3957 1924 4027 44.

812 4082 885 4148 In
943 4084 1131 4147 einem
1194 4084 1444 4168 (weiten
1511 4081 1831 4148 Schreiben
1887 4081 2072 4148 bitten
2127 4082 2222 4147 die
2265 4082 2638 4171 Difinitoren
2693 4082 2806 4147 den
2870 4080 3140 4149 Ordens·

594 4170 852 4259 general
884 4166 1240 4260 (Iohannes)
1291 4193 1393 4235 um
1440 4170 1843 4257 Bestdtigung
1886 4170 1993 4237 der
2034 4171 2124 4235 W
2117 4169 2226 4236 ahl
2266 4170 2507 4236 Ulrichs
2553 4170 2682 4236 und
2723 4193 2828 4236 um
2867 4168 3141 4237 Zuriick-

599 4261 873 4346 weisung
917 4260 1111 4323 seiner
1141 4257 1509 4345 Ablehnung
1554 4270 1730 4324 unter
1777 4258 2120 4325 besonderm
2159 4258 2439 4324 Hinweis
2484 4260 2609 4346 auf
2644 4258 2755 4323 das
2799 4256 3145 4324 kommende

602 4346 844 4433 Konzil.
942 4343 1193 4433 (1272.)

813 4450 1014 4518 Iidem
1048 4450 1276 4518 eidem.
1357 4450 1524 4518 Cum
1573 4463 1830 4518 auctore
1866 4452 2012 4518 Deo
2063 4463 2127 4518 et
2170 4450 2593 4538 gubernatore
2625 4449 2902 4531 fratrem,
2951 4473 3144 4538 quem

603 4541 793 4606 etiam
856 4562 973 4606 vos
1020 4562 1136 4626 pro
1197 4541 1324 4607 vite
1383 4557 1446 4605 et
1490 4540 1687 4625 gratie
1736 4540 1977 4606 meritis
2026 4538 2327 4606 dilexistis
2383 4538 2608 4605 affectu
2658 4550 2721 4605 et
2767 4537 3019 4625 diligitis
3079 4539 3143 4603 in

604 4626 873 4693 domino
907 4627 1157 4714 speciali
1204 4639 1530 4715 tamquam
1564 4628 1745 4693 omni
1793 4628 2167 4714 exceptione
2217 4629 2546 4714 majorem,
2593 4628 2659 4692 in
2692 4625 3145 4713 provincialem
