3505 5335
582 337 663 399 66
1758 351 1945 404 Briese.
2733 353 2777 421 J.
2826 370 2842 403 1
2856 352 3114 423 266—69.

1796 506 1901 575 24.

791 631 1148 717 Provinzial
1196 632 1481 697 Edmund
1521 631 1741 696 schickt
1790 635 1953 697 einer
1999 633 2089 697 W
2082 632 2446 698 ohlthciterin
2495 636 2588 698 ein
2634 632 2955 713 kostbares‚
3003 656 3116 699 aus

575 721 792 800 fernen
838 719 1093 785 Landen
1136 719 1535 785 stammendes
1594 718 1760 784 Tuch
1805 744 1919 805 (ur
1965 719 2392 808 Bearbeitung.
2488 718 2692 807 (1266
2701 761 2765 770 ——
2785 723 2826 787 6
2825 721 2919 810 9.)

787 826 1042 891 Devote
1099 825 1164 890 in
1212 825 1472 892 Christo
1529 823 1974 913 E(dmundus)
2037 826 2210 912 prior
2267 844 2328 891 et
2375 849 2592 892 servus
2648 826 2909 893 fratrum
2963 879 2978 895 .
3029 879 3043 891 .
3097 879 3110 892 .

576 913 716 997 Jam
764 911 1005 979 dudum
1051 911 1339 979 fratribus
1386 913 1641 994 nostriS,
1688 911 1830 978 filiis
1868 915 2111 993 vestriS,
2158 915 2390 1000 pietate
2439 914 2621 981 solita
2668 936 2930 1001 cappam
2978 914 3112 1001 pul-

580 1024 749 1066 cram
798 1000 876 1067 ad
924 1000 1244 1067 honorem
1296 1001 1418 1067 Dei
1466 1012 1529 1067 et
1591 1000 1669 1067 ad
1716 1025 1903 1067 usum
1949 1000 2380 1067 ebdomedarii
2427 1001 2712 1068 habentis
2760 1004 2826 1067 in
2872 1003 3113 1068 incensi

577 1089 899 1175 positione
933 1087 1215 1155 officium
1248 1089 1605 1174 archangeli
1638 1087 1785 1155 dare
1817 1087 2245 1176 disposuistis;
2322 1088 2452 1156 uod
2475 1102 2691 1157 tamen
2724 1091 2860 1156 sine
2887 1089 3112 1156 effectu

581 1200 727 1242 cum
774 1188 981 1244 vestra
1032 1177 1324 1243 molestia
1370 1177 1435 1241 in
1483 1176 1933 1263 inpedimentis
1994 1113 2415 1244 incidentibus
2461 1178 2766 1244 hactenus
2815 1196 2907 1244 est
2966 1177 3111 1243 dila-

578 1276 713 1330 tum
767 1318 781 1330 .
834 1317 847 1330 .
899 1317 913 1331 .
963 1265 1051 1330 Ut
1098 1266 1337 1332 meritis
1371 1267 1590 1331 vestris
1636 1266 2027 1352 participem,
2076 1264 2154 1332 de
2185 1277 2350 1332 terra
2392 1265 2614 1352 longin
2663 1289 2741 1332 ua
2771 1264 3115 1332 adductum

578 1351 760 1418 vobis
807 1354 994 1418 mitto
1043 1351 1477 1434 baldekinum,
1543 1351 1720 1441 quod
1766 1354 1831 1418 in
1877 1376 1995 1419 suo
2042 1376 2278 1439 genere
2326 1353 2400 1419 ab
2448 1290 2745 1421 omnibus
2805 1365 3114 1420 contuen-

577 1439 741 1506 tibus
791 1452 885 1507 est
930 1438 1269 1507 laudatum.
1350 1441 1558 1507 Facite
1605 1463 1784 1526 erg0,
1833 1440 2007 1530 quod
2054 1441 2354 1528 placuerit
2398 1443 2463 1506 in
2510 1442 2709 1508 oculis
2755 1443 3001 1523 vestriS,
3051 1453 3115 1507 et

581 1552 725 1594 cum
773 1526 1120 1615 perfectum
1167 1527 1383 1609 fuerit,
1439 1528 1602 1594 hanc
1647 1527 1830 1595 vobis
1878 1528 2178 1595 dominus
2234 1530 2498 1616 gratiam
2546 1529 2870 1616 largiatur,
2918 1528 3113 1618 quod,

580 1614 873 1705 quicquid
933 1615 1085 1682 boni
1132 1618 1196 1682 in
1261 1616 1422 1683 illius
1467 1616 1796 1683 velaminis
1842 1615 2091 1703 fulgore
2148 1629 2209 1683 et
2267 1619 2476 1705 operis
2522 1620 2821 1685 varietate
2879 1618 3111 1704 signari

578 1716 810 1791 potest,
857 1706 1082 1771 vestris
1131 1705 1426 1771 clarescat
1471 1707 1536 1769 in
1583 1703 1820 1771 actibus
1868 1758 1881 1771 .
1934 1758 1948 1771 .
2001 1758 2014 1772 .

790 1880 904 1935 Fol.
943 1892 1045 1950 7⁷.
1119 1878 1605 1950 Aufsalligerweise
1644 1880 1788 1934 steht
1825 1880 1999 1933 dieser
2037 1880 2186 1934 Brief
2217 1882 2300 1934 bei
2340 1882 2432 1934 der
2469 1881 2785 1951 Sammlung
2823 1897 2951 1933 vom
2981 1880 3110 1932 Mai-

580 1967 762 2021 lander
798 1967 1244 2038 Generalkapitel.

1791 2160 1893 2229 25.

664 2334 669 2338 -
791 2282 1204 2375 (Provinzial)
1254 2281 1597 2437 Efflmun?
1661 2283 1960 2372 empfiehlt
2023 2285 2156 2350 dem
2204 2284 2517 2351 Kardinal
2562 2282 2943 2375 H(annibal)
3000 2284 3114 2349 den

579 2370 825 2438 Elekten
869 2396 987 2438 von
1043 2374 1133 2438 W
1126 2372 1398 2459 iirzhurg
1441 2395 1526 2437 un
1611 2374 1772 2438 seine
1817 2372 2137 2460 Anliegen,
2186 2371 2295 2438 sub
2342 2375 2514 2437 cu'us
2561 2373 2679 2438 alis
2732 2384 2928 2438 noster
2972 2373 3116 2438 ordo

579 2459 919 2541 roboratur,
953 2463 1315 2548 protegitur,
1349 2461 1604 2547 fovetur
1612 2484 1639 2539 ;
1686 2460 1891 2526 ebenso
1921 2463 2078 2547 (wei
2105 2460 2330 2527 andere
2370 2397 2788 2547 dugenannte,
2829 2484 2944 2526 non
2977 2484 3112 2525 cum

578 2550 785 2613 ceteris
838 2560 924 2613 set
970 2561 1082 2636 pre
1141 2551 1347 2614 ceteris
1406 2550 1618 2613 amicis
1673 2549 1902 2614 ordinis
1943 2548 2452 2636 promovendum,
2517 2551 2784 2614 maxime
2850 2572 2986 2613 cum
3042 2572 3116 2613 ex

568 2638 946 2725 promocione
991 2638 1173 2725 ipsius
1208 2690 1221 2703 .
1260 2690 1272 2703 .
1311 2690 1324 2702 .
1358 2639 1574 2703 nostris
1616 2635 1726 2703 sub
1775 2638 1896 2724 ipso
1941 2636 2286 2725 degentibus
2317 2639 2641 2725 proveniat
2672 2636 3112 2726 tranquillitas,

563 2738 699 2813 pax
745 2738 799 2790 et
842 2726 1100 2803 fructus.
1195 2721 1734 2815 (1266—1270?)

788 2917 901 2971 Fol.
946 2933 1023 2988 39.
1098 2918 1168 2970 Es
1220 2918 1358 2970 kann
1405 2917 1520 2970 sich
1570 2917 1685 2971 hier
1732 2936 1830 2970 nur
1876 2935 1966 2970 um
2014 2919 2171 2970 einen
2222 2917 2553 2971 Kandidaten
2607 2918 2745 2971 nach
2791 2917 2916 2970 dem
2959 2918 3114 2971 Tode

577 3006 771 3076 Jring’s
810 3022 918 3057 von
944 3005 1031 3058 W.
1060 3003 1248 3074 (1266)
1275 3004 1520 3059 handeln.
1579 3005 1704 3076 Vgl.
1732 3005 2172 3071 Kaltenbrunner‚
2210 3006 2345 3059 Mitt.
2386 3023 2478 3058 aus
2517 3005 2641 3059 dem
2670 3006 2839 3059 Vatik.
2866 3005 3066 3058 Archiv
3091 3007 3114 3059 1

579 3093 672 3147 Nr.
718 3092 778 3160 56
816 3092 888 3158 ff.‚
929 3093 1219 3146 besonders
1259 3093 1309 3146 S.
1352 3109 1431 3161 70.

1797 3267 1897 3338 26.

789 3392 924 3457 Der
954 3390 1398 3458 Dominikaner
1430 3391 1755 3456 Hermann
1800 3414 1918 3457 von
1951 3390 2207 3456 Minden
2250 3391 2507 3457 schreibt
2554 3413 2635 3456 an
2682 3391 2796 3456 den
2827 3392 3113 3458 Domini-

577 3478 932 3566 kanerprior
977 3480 1217 3562 Johann
1261 3502 1381 3545 von
1425 3479 1681 3544 Minden
1727 3478 1875 3544 iiber
1919 3478 2014 3544 die
2070 3479 2159 3543 W
2154 3478 2262 3544 ahl
2307 3479 2407 3544 des
2452 3478 2929 3545 Dominikaners
2967 3476 3112 3544 Otto

578 3590 718 3652 zum
764 3567 1020 3654 Bischof
1057 3590 1175 3632 von
1222 3566 1496 3632 Minden.
1593 3564 1794 3653 (1267
1844 3566 1999 3632 nach
2046 3567 2289 3654 August
2338 3565 2468 3656 18.)

790 3672 997 3738 Omni
1041 3672 1392 3739 reverentia
1426 3669 1623 3757 digno
1672 3683 1735 3738 et
1766 3673 2018 3758 integro
2067 3695 2286 3738 amore
2323 3671 2696 3758 dignissimo
2744 3672 2903 3757 patri
2943 3669 3116 3736 fratri

577 3757 925 3847 Jo(hanni)
961 3760 1155 3846 priori
1202 3758 1433 3825 domus
1466 3759 1820 3826 Mindensis
1865 3759 2055 3826 frater
2086 3761 2493 3826 Hermannus
2540 3757 2741 3825 dictus
2785 3758 2864 3825 de
2895 3757 3115 3824 Minda

580 3869 830 3933 semper
875 3848 941 3912 in
975 3845 1244 3912 domino
1276 3845 1619 3933 jocundari.
1697 3846 1928 3914 Debita
1964 3849 2197 3914 mentis
2244 3848 2553 3914 alacritate
2593 3846 2804 3913 divine
2848 3846 3114 3913 bonitati

580 3936 806 4021 gratias
866 3934 1212 4002 uberrimas
1278 3934 1517 4016 referO,
1584 3936 1731 4024 qui¹
1788 3935 2197 4002 Mindensem
2254 3936 2582 4002 ecclesiam
2651 3935 2954 4001 hactenus
3012 3933 3116 4000 ad-

580 4023 889 4090 versitatis
947 4021 1296 4089 turbinibus
1342 4025 1639 4108 agitatam
1692 4025 1943 4111 jamjam
2000 4025 2260 4111 gratiosi
2324 4035 2541 4110 pactus
2587 4021 2825 4089 indicio
2883 4044 3114 4089 conso-

579 4110 767 4193 latur,
824 4111 932 4200 qui
981 4110 1295 4177 dilationis
1341 4111 1653 4197 injuriam,
1700 4134 1892 4199 quam
1940 4110 2018 4178 de
2064 4110 2253 4178 futuri
2299 4112 2591 4178 antistitis
2640 4112 3112 4199 exspectatione

579 4200 891 4280 sustinuit,
939 4216 1066 4265 tam
1102 4196 1373 4284 jocunda
1417 4197 1596 4285 fruge
1630 4211 2016 4287 compescat,
2062 4211 2132 4266 ut
2162 4198 2360 4281 bon0,
2408 4200 2516 4287 qui
2547 4199 2927 4286 sperabatur,
2975 4196 3116 4263 sub-

581 4286 773 4354 ducto
796 4285 1082 4354 exhibeat
1106 4285 1460 4368 meliorem,
1530 4287 1592 4353 ui
1612 4306 1890 4355 vestram
1910 4288 2312 4369 sententiam,
2336 4310 2459 4375 qua
2481 4288 2729 4354 tociens
2752 4286 3115 4375 replicastiS,

580 4397 716 4441 non
762 4397 952 4461 posse
1000 4373 1163 4442 dicte
1213 4373 1473 4442 ecclesie
1543 4376 1717 4462 apsui
1765 4374 2111 4457 subveniri,
2169 4376 2289 4441 nisi
2335 4398 2448 4462 per
2492 4374 2860 4462 religiosum
2909 4376 3115 4441 virum

582 4474 645 4528 et
690 4461 1079 4543 modestum,
1130 4461 1408 4529 ostendit
1476 4461 1537 4550 ?)
1578 4487 1689 4529 sue
1735 4464 1976 4551 justicie
2026 4464 2389 4529 convenire.
2459 4463 2621 4530 Ecce
2655 4464 2829 4528 enim
2859 4484 3117 4529 venera-

580 4548 718 4615 bilis
777 4569 953 4637 pater
1016 4549 1315 4616 dominus
1374 4551 1439 4616 O
1480 4549 1614 4639 tto)
1675 4551 2029 4618 Mindensis
2095 4552 2463 4639 episcopus,
2530 4550 2607 4617 de
2673 4573 2802 4639 quo
2864 4549 3115 4638 loquor,

579 4637 861 4726 graditur
893 4656 1037 4704 ante
1071 4661 1208 4719 voS,
1257 4639 1363 4726 qui
1395 4636 1603 4705 divina
1637 4641 1874 4726 potitus
1916 4639 2114 4725 gratia
2157 4658 2389 4725 potens
2434 4639 2549 4705 erit
2586 4640 2754 4725 juxta
2786 4635 3111 4725 pastoralis
