3505 5335
384 339 428 408 J.
475 353 622 407 1270.
1561 338 1749 392 Briefe.
2842 346 2922 410 77

381 495 664 565 religiosos
704 539 715 549 .
754 538 765 549 .
810 537 821 549 .
863 513 921 548 se
959 504 1162 549 temere
1209 495 1587 550 transferentes
1627 503 1846 566 opertos
1884 498 1960 550 eis
1999 507 2341 566 peccatorum
2377 498 2573 552 nudant
2612 501 2833 553 morbos
2872 510 2924 553 et

379 584 665 654 iniquitatis
716 584 956 637 revelant
1010 592 1275 637 secretum
1327 592 1378 637 et
1429 585 1569 637 virus
1626 585 1885 638 viciorum
1940 585 1993 637 in
2050 585 2391 640 confessione
2448 586 2764 658 deprimunt.
2805 630 2816 642 .
2857 631 2869 642 .
2910 631 2922 642 .

381 672 546 725 Porro
576 715 587 726 .
618 714 629 725 .
660 715 670 725 .
711 689 830 725 cum
871 673 924 724 in
962 671 1178 742 prefatis
1219 672 1458 725 ecclesiis
1498 681 1606 725 tam
1642 673 1694 724 in
1733 671 1921 725 officiis
1952 673 2139 726 divinis
2169 691 2325 744 quam
2365 692 2513 728 sacre
2539 674 2923 746 predicacionis

381 760 604 831 eloquiis
642 778 766 813 aure
805 760 1116 813 devocionis
1142 777 1335 813 vocem
1375 761 1452 813 sui
1480 759 1676 814 debent
1713 760 2005 814 sacerdotis
2033 760 2272 830 (audire),
2313 763 2440 833 ipsis
2468 764 2708 816 ecclesiis
2736 773 2921 818 contra

381 865 652 901 sacrorum
674 866 941 902 canonum
967 857 1161 902 statuta
1181 849 1518 919 contemptiS,
1547 847 1614 901 ad
1642 848 1935 903 eorundem
1961 849 2335 920 religiosorum
2363 850 2626 904 divertunt
2652 851 2922 918 ecclesias,

380 936 615 1007 predicta
655 936 829 990 officia
868 937 992 990 inibi
1030 954 1128 1008 pro
1166 954 1259 989 sue
1298 936 1582 990 voluntatis
1621 937 1836 990 arbitrio
1874 937 2110 1005 audituri,
2150 947 2370 1009 propter
2411 940 2552 1009 quod
2590 940 2716 1011 ipsis
2753 940 2922 993 nichi-

379 1024 610 1078 lominus
636 1025 916 1095 religiosiS,
956 1025 1041 1096 qui
1080 1024 1212 1078 tales
1241 1025 1492 1078 deberent
1531 1033 1931 1095 presumptores
1969 1026 2193 1092 abicere,
2235 1043 2329 1079 eos
2358 1044 2479 1080 cum
2517 1028 2666 1098 gravi
2695 1027 2920 1080 aliorum

378 1115 574 1182 jactura
612 1112 957 1166 allicientibus
1009 1122 1061 1166 et
1098 1112 1465 1166 inducentibus
1504 1112 1569 1165 ad
1616 1113 1874 1183 premissa
1921 1114 2181 1184 contingit
2228 1116 2518 1184 premissos
2572 1116 2919 1186 prepositum,

380 1201 640 1254 decanum
692 1210 744 1255 et
801 1200 1086 1272 capitulum
1134 1218 1195 1253 ac
1244 1209 1481 1254 rectores
1539 1199 1884 1254 ecclesiarum
1940 1202 2173 1271 ipsarum
2229 1202 2397 1256 solitis
2449 1204 2920 1273 parrochianorum

381 1288 742 1342 oblacionibus
780 1289 999 1360 aliisque
1038 1289 1455 1342 obvencionibus
1507 1288 1864 1360 multipliciter
1901 1289 2210 1366 defraudari.
2285 1290 2537 1344 Ceterum
2579 1334 2591 1346 .
2632 1334 2644 1347 .
2685 1334 2698 1345 .
2738 1334 2749 1344 .
2791 1308 2919 1345 con·

379 1378 548 1448 tingat
600 1379 654 1430 in
704 1377 1013 1447 egritudinis
1060 1376 1259 1430 lectum
1307 1393 1629 1448 quemquam
1678 1376 1948 1444 decidere,
2001 1377 2273 1431 confluunt
2321 1378 2555 1448 religiosi
2602 1377 2823 1449 predicti
2868 1389 2919 1432 et

380 1463 690 1535 plerumque
727 1464 993 1518 infirmum
1029 1465 1349 1518 invitacione
1388 1475 1643 1535 preventa
1681 1466 1778 1518 sub
1816 1466 2024 1536 pietatis
2063 1482 2215 1537 spem
2254 1467 2526 1520 visitantes
2564 1467 2727 1537 ipsius
2757 1475 2918 1520 testa-

379 1561 620 1606 mentum
672 1561 1001 1623 componunt
1041 1561 1093 1605 et
1132 1552 1376 1607 ordinant
1414 1554 1674 1623 magistro
1711 1553 1930 1607 tandem
1968 1554 2319 1607 asscribentes
2359 1555 2473 1621 uni,
2524 1555 2567 1607 si
2606 1564 2919 1608 executores

379 1641 707 1694 inveniantur
744 1642 906 1711 ipsius
943 1639 1057 1693 fieri
1094 1641 1415 1695 testamenti.
1484 1640 1631 1702 Quid
1668 1640 1851 1711 plura?
1912 1640 2123 1694 Blandis
2161 1642 2401 1712 ipsorum
2438 1641 2675 1695 infirmus
2713 1642 2918 1696 illectus

378 1729 709 1782 sermonibus
737 1729 948 1782 omissis
975 1729 1126 1782 avitis
1158 1737 1209 1782 et
1247 1729 1476 1799 paternis
1505 1728 1785 1799 sepulturis
1813 1729 1951 1799 apud
1977 1746 2072 1783 eos
2100 1729 2305 1800 eligens
2334 1730 2546 1801 sepeliri
2572 1730 2748 1801 ampla
2774 1731 2917 1801 ipsiS,

378 1817 623 1886 predictis
662 1835 790 1871 vero
835 1817 1073 1870 ecclesiis
1122 1817 1264 1870 nulla
1301 1817 1386 1870 vel
1434 1816 1647 1870 modica
1682 1816 1861 1887 legata
1909 1817 2129 1888 largitur
2167 1861 2178 1871 .
2219 1861 2230 1872 .
2271 1861 2283 1872 .
2335 1819 2658 1871 Discretioni
2696 1826 2785 1872 tue
2823 1835 2918 1889 per

378 1895 670 1975 apostolica
708 1907 902 1976 scripta
949 1905 1288 1971 mandamuS,
1342 1914 1599 1976 quatenus
1639 1948 1650 1959 .
1691 1948 1702 1959 .
1744 1948 1756 1959 .
1805 1906 1951 1976 ipsos
1997 1905 2310 1975 religiOSOS,
2363 1909 2721 1978 cujuscunque
2769 1907 2918 1976 si(n)t

378 1994 589 2061 ordinis,
628 2012 695 2047 ne
734 1996 787 2047 in
825 1994 1051 2047 aliorum
1088 1993 1434 2064 preiudicium
1471 1994 1850 2063 parrochianos
1889 1992 2123 2064 prefatos
2162 1992 2228 2046 ad
2264 1994 2565 2064 hujusmodi
2610 1993 2785 2047 officia
2822 2011 2917 2047 seu

378 2092 706 2136 sacramenta
755 2084 1010 2153 recipiant
1059 2099 1159 2135 nec
1210 2081 1580 2134 confessiones
1646 2080 1856 2134 audiant
1908 2081 2227 2147 eorundem,
2300 2082 2399 2134 nisi
2447 2082 2609 2152 petita
2672 2083 2813 2152 prius
2865 2091 2916 2134 et

377 2179 595 2240 optenta
632 2170 852 2223 licencia
879 2188 907 2224 a
947 2170 1224 2223 sacerdote
1251 2170 1468 2239 proprio
1505 2171 1645 2239 juxta
1673 2178 1869 2223 statuta
1907 2168 2114 2222 concilii
2141 2169 2422 2239 generaliS,
2461 2186 2560 2222 nec
2600 2171 2777 2236 etiam,
2817 2170 2916 2222 nisi

375 2258 513 2329 apud
550 2275 644 2311 eos
684 2275 749 2311 ex
786 2258 1083 2311 devocione
1121 2258 1283 2311 animi
1333 2257 1590 2326 elegerint
1627 2256 1903 2322 tumulari,
1952 2258 2098 2327 ipsos
2138 2257 2203 2309 ad
2251 2256 2575 2327 sepulturam
2615 2257 2911 2323 admittant,

377 2347 593 2417 proviso
631 2355 835 2413 tamen,
887 2345 1029 2417 quod
1074 2355 1198 2399 tunc
1248 2346 1437 2398 eedem
1486 2345 1713 2398 ecclesie
1762 2346 2016 2414 porcione
2063 2345 2317 2397 canonica
2366 2362 2475 2398 non
2524 2344 2916 2411 defraudentur,

377 2435 688 2488 auctoritate
725 2444 906 2487 nostra
950 2451 1044 2504 per
1080 2443 1134 2487 te
1172 2433 1258 2486 vel
1296 2449 1390 2503 per
1427 2433 1586 2485 alium
1636 2434 1896 2486 attencius
1934 2449 2158 2485 moneas
2198 2442 2249 2485 et
2297 2432 2511 2485 inducas
2551 2435 2697 2503 ipsos
2735 2434 2801 2486 ad
2847 2433 2915 2499 id,

377 2532 429 2575 et
467 2531 522 2575 ut
549 2522 615 2575 de
642 2531 822 2575 cetero
849 2522 913 2575 ab
951 2521 1252 2593 hujusmodi
1277 2520 1651 2591 predictorum,
1691 2521 1962 2590 prepositi,
2001 2520 2186 2573 decani
2213 2530 2265 2573 et
2295 2520 2506 2591 capituli
2547 2530 2599 2574 et
2628 2520 2917 2575 earundem

375 2610 719 2663 ecclesiarum
757 2618 1025 2663 rectorum
1063 2609 1322 2663 molestiis
1363 2618 1414 2663 et
1453 2609 1648 2681 injuriis
1688 2610 1910 2662 omnino
1948 2609 2244 2662 abstineant
2295 2626 2390 2681 per
2428 2626 2705 2663 censuram
2744 2610 2914 2663 eccle-

375 2700 640 2753 siasticam
681 2742 692 2753 .
733 2742 743 2752 .
785 2742 796 2753 .
846 2699 1138 2770 compellas
1177 2742 1189 2754 .
1230 2741 1241 2753 .
1282 2741 1293 2752 .
1332 2698 1531 2751 Datum
1568 2697 1755 2764 Asisii,
1802 2697 1936 2769 ydus
1975 2698 2124 2763 maii,
2177 2696 2512 2767 pontificatus
2559 2699 2725 2751 nostri
2772 2715 2913 2751 anno

374 2788 673 2841 undecimO.
750 2789 913 2855 (1254
948 2787 1055 2839 Mai
1098 2791 1202 2856 15.)
1278 2786 1376 2839 Ms.
1419 2801 1485 2857 29
1525 2786 1618 2838 der
1656 2785 2096 2840 Stadtbibliothek
2136 2786 2186 2837 in
2227 2785 2399 2839 Soest.

1597 3013 1691 3081 41.

584 3138 1016 3205 Bittschreiben
1049 3159 1131 3203 an
1177 3138 1289 3203 den
1331 3135 1823 3224 Ordensgeneral
1867 3161 1970 3202 mn
2004 3135 2442 3223 Riicksendung
2487 3136 2587 3201 des
2621 3137 2710 3201 W
2706 3137 2911 3202 ilhelm

371 3252 488 3295 von
534 3227 816 3294 Brabant
859 3226 1015 3292 nach
1062 3226 1305 3292 waen.
1400 3222 1613 3312 (Nach
1666 3224 1884 3314 1270.)

582 3334 868 3400 Veniens
916 3330 993 3398 ad
1039 3331 1160 3397 tale
1205 3330 1419 3397 locum
1471 3383 1484 3396 .
1537 3383 1550 3396 .
1613 3331 1829 3396 inveni
1875 3328 2132 3416 plenum
2181 3327 2552 3414 gemitibuS,
2611 3327 2910 3394 refertum

373 3422 671 3500 lacrimiS‚
734 3420 1042 3487 nudatum
1095 3418 1360 3499 solatiiS,
1420 3417 1677 3485 fratrem
1733 3416 2129 3483 Willelmum
2191 3414 2268 3482 de
2331 3414 2670 3481 Brabancia
2731 3416 2912 3482 vobis

372 3522 619 3576 notum.
711 3510 833 3575 Hic
882 3510 1084 3589 enim,
1146 3519 1215 3574 ut
1260 3507 1508 3587 asserit,
1567 3504 2091 3572 convenientibus
2139 3506 2204 3570 in
2250 3527 2451 3569 unum
2499 3506 2911 3590 suggestione

372 3597 525 3679 falsi,
573 3598 1021 3685 suppressione
1067 3597 1220 3676 veri,
1267 3595 1757 3682 precipitacione
1807 3591 2083 3674 consilii,
2132 3592 2541 3679 surrepcione
2588 3591 2767 3673 facti,
2833 3591 2910 3658 de

373 3684 572 3751 domo
629 3685 1013 3751 Louaniensi
1073 3685 1138 3748 in
1186 3681 1474 3749 Mindam
1530 3705 1643 3769 per
1700 3681 2003 3749 vicarium
2068 3693 2162 3747 est
2206 3679 2569 3760 translatu3‚
2635 3679 2739 3745 ubi
2802 3703 2913 3745 sua

373 3773 771 3860 compellitur
830 3770 1216 3859 suspendere
1273 3793 1511 3856 organa
1577 3823 1589 3836 .
1644 3823 1656 3836 .
1710 3824 1724 3836 .
1786 3768 2134 3857 Expostulo
2202 3766 2489 3856 precibus
2549 3767 2909 3849 humilibuS,

371 3862 531 3928 sicut
561 3884 847 3948 possum,
895 3871 1203 3948 quatenus
1235 3882 1351 3945 pro
1399 3859 1539 3945 ipso
1586 3856 1955 3945 provinciali
1985 3856 2356 3924 Teuthonie
2389 3855 2591 3923 velitis
2640 3855 2908 3923 scribere

370 3947 559 4015 verba
591 3947 740 4030 du0,
788 3947 866 4014 ad
897 3970 1173 4036 quorum
1205 3969 1464 4013 suavem
1499 3947 1822 4032 energiam
1854 3944 1969 4011 sibi
2017 3943 2612 4011 recommendatum
2647 3942 2910 4030 diligen-

372 4038 503 4103 cius
550 4035 754 4102 redire
798 4035 1004 4123 jubeat
1050 4037 1403 4102 Louaniam
1454 4087 1467 4100 .
1520 4086 1534 4100 .
1586 4086 1601 4100 .

581 4212 693 4267 Fol.
726 4230 804 4267 10.
861 4214 971 4266 Das
999 4211 1288 4265 Schreiben
1327 4211 1469 4264 steht
1497 4210 1671 4262 hinter
1708 4208 1811 4261 den
1838 4207 2048 4261 Briefen
2087 4207 2215 4259 uber
2241 4206 2333 4259 das
2362 4205 2655 4259 Mailiinder
2680 4205 2907 4275 Kapitel.

369 4301 462 4353 Ich
498 4301 636 4354 habe
675 4300 917 4354 dasselbe
955 4302 1007 4353 in
1059 4300 1244 4353 seinen
1281 4297 1650 4368 Hauptstellen
1687 4295 2165 4366 wiedergegeben,
2219 4294 2341 4348 weil
2379 4295 2471 4348 der
2509 4293 2906 4365 gleichnamige

369 4389 630 4443 bekannte
669 4388 984 4443 Guillelmus
1023 4388 1368 4440 Brabantinus
1406 4388 1540 4454 (von
1580 4385 1900 4438 Moerbecke
1938 4383 2044 4455 vgl.
2084 4383 2533 4449 Quetif·Echard,
2573 4384 2611 4449 1,
2656 4385 2781 4453 390)
2818 4400 2909 4434 um

369 4477 603 4531 dieselbe
628 4480 737 4531 Zeit
776 4478 916 4530 lebte
944 4477 1244 4545 (1277--81
1278 4473 1597 4528 Erzbischof
1626 4491 1734 4526 von
1760 4474 2016 4538 Korinth)
2048 4471 2153 4525 und
2191 4471 2447 4524 ebenfalls
2488 4472 2608 4523 dem
2639 4469 2908 4523 Lowener

368 4566 951 4619 Dominikanerkloster
980 4566 1310 4634 wenigstens
1337 4563 1622 4632 zeitweilig
1647 4562 1961 4632 angehorte.
2019 4561 2143 4613 Von
2168 4560 2416 4613 Identitat
2442 4561 2582 4613 kann
2625 4558 2909 4628 allerdings

368 4655 515 4708 wohl
556 4655 708 4708 keine
747 4654 895 4708 Rede
936 4655 1065 4707 sein.
