3505 5335
440 2384 448 2390 .
543 2303 842 2372 altissime
888 2328 1005 2392 pro

544 354 627 420 70
1709 351 1900 407 Briefe.
2838 354 2881 422 J.
2928 368 3075 421 1270.

541 522 608 576 ut
641 509 826 576 donis
859 510 1276 596 provectioris
1307 511 1604 597 potencie
1638 511 2012 578 mereamini
2044 510 2425 592 habundare,
2459 512 2563 599 qui
2596 512 2719 597 jam
2753 524 3074 598 acceptam

541 597 761 664 celitus
793 596 1058 665 studetis
1104 620 1240 664 non
1273 595 1351 663 ad
1398 596 1894 685 inpedicionem,
1941 611 2037 665 set
2078 597 2155 665 ad
2200 601 2681 686 promotionem
2729 622 3076 686 pauperum

546 698 607 752 et
674 684 1010 752 humilium
1077 708 1389 752 exercere.
1490 686 1792 754 Ceterum
1854 686 2292 754 honorabilem
2360 689 2566 754 virum
2626 687 3076 774 provincialem

543 786 834 841 nostrum
891 772 969 839 ad
1015 786 1288 841 vestram
1346 776 1740 860 presenciam
1789 798 1905 862 pro
1964 774 2280 841 dictorum
2336 774 2598 842 fratrum
2653 777 2920 862 negotio
2969 798 3078 863 per

540 861 838 927 laboriosi
901 862 1141 929 itineris
1201 861 1527 950 dispendia
1597 861 2008 930 accedentem
2068 862 2443 930 excellencie
2513 876 2720 930 vestre
2783 865 3078 930 attentius

542 948 1144 1016 recommendamus
1203 1003 1217 1015 .
1269 1003 1282 1015 .
1335 1004 1349 1015 .

754 1124 867 1180 Fol.
906 1124 966 1178 61
998 1137 1044 1180 V.
1119 1126 1332 1178 Vorher
1368 1126 1499 1195 geht
1548 1127 1634 1178 ein
1673 1126 1823 1178 Brief
1853 1128 2000 1180 eines
2043 1127 2241 1181 andern
2281 1126 2524 1180 Bischofs
2565 1145 2630 1179 an
2670 1129 2825 1179 einen
2866 1127 3089 1179 Bischof

544 1212 672 1265 fiber
710 1213 952 1266 dasselbe
980 1214 1191 1266 Thema
1229 1214 1371 1266 ohne
1401 1214 1929 1285 Namensnennung;
1969 1215 2152 1268 darum
2192 1215 2275 1269 die
2313 1216 2563 1269 Adresse.
2630 1216 2731 1268 Die
2771 1214 2940 1268 blosse
2979 1215 3078 1267 Be-

544 1301 844 1372 zeichnung
892 1303 1174 1372 episcopus
1215 1301 1375 1355 frater
1424 1303 1567 1356 ohne
1608 1303 1901 1373 quondam,
1956 1302 2094 1356 dann
2133 1304 2268 1356 auch
2320 1303 2403 1356 die
2443 1304 2597 1356 Nahe
2644 1320 2751 1356 von
2791 1303 2939 1355 Chur
2977 1303 3082 1354 und

545 1389 820 1442 Konstanz
860 1390 1036 1443 lassen
1075 1390 1203 1443 eher
1242 1408 1308 1443 an
1347 1390 1450 1443 den
1489 1391 1715 1444 Bischof
1746 1408 1852 1444 von
1893 1391 2063 1457 Chur,
2113 1392 2205 1445 der
2243 1393 2378 1444 auch
2416 1391 2802 1443 Dominikaner
2840 1409 2965 1453 war,
3006 1390 3082 1442 als

544 1495 609 1529 an
647 1477 895 1531 Albertus
934 1478 1162 1549 Magnus
1201 1478 1425 1532 denken.

1773 1634 1863 1703 31.

759 1760 1117 1846 Provinzial
1164 1758 1507 1849 (Edmmzd)
1558 1760 1723 1825 hittet
1770 1761 1864 1825 die
1902 1760 2610 1825 Deutschordensbrz'ider
2658 1762 2718 1824 in
2765 1760 2928 1825 Bern
2978 1783 3077 1823 um

541 1847 927 1932 sreundliche
972 1848 1331 1936 Aufnahme
1377 1849 1484 1913 der
1528 1847 1975 1913 Dominikaner
2023 1846 2274 1937 (1269).

764 1951 1078 2020 Fratribus
1125 1952 1566 2042 Teuth(onie)
1626 1954 1690 2018 in
1738 1954 1942 2019 Berua
1986 1954 2387 2040 provincialis
2437 2006 2450 2019 .
2503 2006 2515 2018 .
2568 2006 2581 2019 .
2630 1954 3082 2019 Devocionem

542 2053 816 2107 vestram
850 2043 1029 2107 omni
1062 2043 1444 2123 attencione,
1478 2065 1597 2129 qua
1629 2064 1913 2128 possum,
1949 2064 2170 2123 exor0,
2205 2053 2511 2130 quatenus
2544 2040 2762 2108 fratres
2797 2052 3074 2120 nostros,

543 2130 650 2216 qui
709 2130 773 2193 in
832 2129 1079 2196 civitate
1142 2129 1511 2217 Bern(ensi)
1570 2152 1830 2196 manere
1899 2128 2275 2216 disponunt,
2344 2129 2613 2196 domino
2686 2128 3085 2207 concedenti,

545 2218 772 2283 curetis
818 2239 1008 2304 prose
1055 2218 1117 2282 ui
1163 2215 1394 2284 favoris
1433 2216 1733 2303 suffragio
1769 2218 2090 2304 oportuni,
2139 2242 2240 2299 ne,
2273 2217 2462 2305 ‚quod
2496 2216 2671 2298 absit,
2721 2218 2771 2281 si
2803 2240 2921 2283 vos
2956 2217 3083 2282 vite

1010 2240 1283 2371 pessores
1345 2306 1673 2393 contingat
1733 2307 1943 2371 minus
2005 2304 2337 2372 benivolos
2385 2317 2447 2372 et
2503 2307 2864 2391 ingerentes
2923 2302 3083 2370 diffi-

547 2391 805 2459 cultates
837 2394 1126 2473 inveniri,
1159 2393 1418 2460 affectus
1442 2392 1649 2460 bonus
1672 2392 1977 2459 laicorum
2006 2406 2069 2460 et
2093 2391 2448 2473 humilium,
2479 2392 2626 2460 licet
2649 2412 3080 2480 peccatorum,

546 2481 652 2568 qui
689 2479 1039 2547 eorundem
1072 2480 1335 2547 fratrum
1367 2494 1739 2548 nostrorum
1787 2483 2100 2569 suspirant
2132 2481 2582 2548 vehemencius
2624 2504 2686 2546 m
2720 2479 3083 2560 adventum,

547 2580 760 2634 vestro
808 2580 1089 2655 tepescat
1138 2569 1453 2657 exempla

1768 2902 1869 2969 32.

760 3025 896 3090 Der
928 3025 1451 3113 Provinzialprior
1494 3025 1750 3091 schreibt
1798 3027 1986 3090 einem
2018 3024 2743 3090 Deutschordenskomtm·
2789 3024 2936 3089 ⁴iiber
2976 3025 3087 3089 das

548 3110 890 3178 krc'inkende
923 3113 1247 3200 Verhalpen
1284 3115 1479 3179 scine-r
1519 3110 2042 3200 Ordensgenossen
2074 3113 2187 3178 den
2219 3111 2704 3178 Dominikanern
2748 3112 3088 3199 gegemiber

550 3201 678 3266 und
722 3200 890 3266 hittet
933 3225 1036 3266 um
1087 3201 1442 3288 Anderung.
1539 3198 1694 3287 (Vor
1745 3202 1964 3292 1270.)

762 3306 1297 3373 Commendatori
1345 3305 1577 3372 domus
1625 3306 2031 3373 Teuthonice
2078 3307 2253 3393 prior
2298 3304 2717 3392 provincialis,
2810 3303 3087 3385 Quibus·

552 3393 696 3460 dam
745 3394 1137 3461 narrantibus
1184 3396 1481 3476 innotuit,
1531 3393 1704 3483 quod
1751 3394 1971 3461 fratres
2019 3406 2298 3474 nostr08‚
2347 3395 2453 3480 qui
2500 3391 2577 3459 ad
2616 3416 2732 3460 vos
2781 3392 3087 3459 accedunt

550 3504 667 3568 pro
709 3494 1024 3570 tempore,
1076 3482 1259 3549 solita
1292 3506 1438 3549 cum
1487 3482 1799 3549 alacritate
1833 3505 1967 3548 non
2000 3483 2333 3569 suscipitis,
2380 3481 2492 3547 sed
2524 3482 2576 3546 si
2607 3479 2697 3546 fas
2732 3492 2824 3546 est
2857 3479 3086 3560 dicere,

549 3568 837 3636 fastiditis
886 3572 989 3651 ita,
1038 3582 1105 3636 ut
1137 3572 1260 3657 jam
1308 3569 1590 3636 videatur
1622 3572 1896 3656 apertius
1927 3589 2276 3636 vestrarum
2311 3591 2459 3654 erga
2504 3570 2678 3655 ipsos
2727 3569 3087 3634 immutari1

553 3657 731 3723 color
779 3670 1135 3744 oportunus
1180 3659 1543 3744 gratiarum.
1638 3658 1808 3724 Cum
1869 3658 2057 3744 igitur
2114 3655 2277 3723 ordo
2324 3668 2532 3723 vester
2593 3668 2654 3722 et
2702 3668 2920 3723 noster
2977 3678 3089 3742 per

553 3745 971 3811 universalem
1034 3743 1364 3812 ecclesiam
1427 3744 1792 3811 firmissime
1840 3745 2185 3812 cohereant
2232 3744 2480 3831 glutino
2545 3746 2846 3825 caritatiS,
2915 3742 3090 3809 inde-

554 3854 775 3898 corum
826 3856 964 3899 esse
1017 3835 1218 3919 putari
1267 3831 1554 3915 deberet,
1614 3835 1665 3899 si
1722 3856 1864 3921 pars
1921 3835 2052 3900 sive
2101 3832 2334 3899 domus
2397 3855 2521 3898 una
2568 3854 2685 3898 suo
2744 3855 2877 3897 non
2938 3854 3090 3897 con—

550 3932 881 4006 grueretur
913 3923 1231 3988 universo
1298 3920 1401 3988 Ad
1448 3921 1566 3988 hec
1598 3944 1732 3987 non
1782 3923 2114 3987 minimam
2146 3922 2389 4008 pectori
2423 3942 2573 3986 meo
2622 3919 2838 3986 libaret
2869 3922 3090 3985 amari-

552 4007 861 4090 tudinem,
908 4010 958 4074 si
991 4027 1283 4096 tempore
1315 4011 1646 4076 ministerii
1679 4011 1827 4091 mei,
1861 4032 1989 4097 quo
2023 4011 2088 4074 in
2121 4009 2445 4096 provincia
2464 4007 2870 4074 Teuthonica
2906 4031 3091 4094 super

553 4094 772 4163 fratres
833 4097 1269 4163 Predicatores
1341 4120 1607 4164 exerceo
1675 4096 1957 4163 officium
2020 4098 2361 4184 prioratUS,
2434 4097 2736 4162 sentirem
2801 4119 2914 4182 per
2973 4119 3090 4161 vos

555 4183 813 4252 dissolvi
872 4186 1041 4272 pacis
1087 4185 1444 4267 vinculum,
1505 4187 1649 4275 quia
1709 4185 1931 4272 procul
1980 4184 2239 4251 dubium
2299 4206 2629 4250 censuram
2687 4206 2899 4249 meam
2955 4206 3090 4250 non

556 4271 896 4358 effugeret,
956 4274 1007 4338 si
1069 4274 1205 4361 quis
1255 4272 1333 4340 de
1378 4275 1604 4340 vestris
1651 4272 1939 4340 fratribus
1999 4274 2405 4339 occasionem
2455 4272 2630 4338 daret
2677 4270 3091 4338 dissensionis

553 4361 909 4446 proximam
956 4360 1057 4427 vel
1103 4381 1419 4428 remotam
1470 4415 1483 4428 .
1537 4414 1549 4427 .
1603 4414 1615 4427 .
1709 4359 2211 4449 Her(mannus).

770 4528 787 4557 ¹
826 4520 1086 4572 immutati
1124 4520 1225 4574 HS.

768 4660 880 4714 Fol.
925 4674 1003 4729 34.
1078 4661 1373 4731 Datierung
1412 4662 1547 4715 nach
1586 4661 1678 4713 der
1716 4660 1973 4730 Stellung.
