3505 5335
567 323 587 366 1
607 321 684 385 52
1728 320 1918 374 Briese.
2851 324 2896 395 J.
2942 326 3093 395 1289.

556 476 765 557 faciat,
822 478 982 544 sicut
1027 476 1330 558 voluerit,
1379 477 1717 565 provideri.
1812 479 1887 545 Et
1934 480 2022 546 sic
2082 479 2432 546 carebimus
2480 480 2860 568 opprobrio,
2916 483 3092 571 quod

557 563 988 632 Predicatores
1036 565 1367 632 ecclesiam
1414 568 1685 633 emerint
1732 591 1878 634 cum
1912 580 2086 634 curte
2132 590 2249 655 pro
2283 569 2400 634 XL
2431 570 2680 650 marciS,
2728 592 2850 657 que
2883 572 3088 658 possit

555 653 679 718 XII
722 675 1027 740 personas
1071 676 1363 740 pascere3
1427 677 1649 720 verum
1699 667 1796 722 est
1839 678 2219 742 pauperum,
2276 656 2606 723 Frisonico
2653 659 2760 745 qui
2820 657 2979 725 lacte
3026 671 3090 726 et

554 763 718 826 pane
764 740 1078 807 ordeaceo
1125 753 1273 808 sunt
1319 744 1626 808 contenti.
1695 742 1798 809 Ad
1844 742 2084 810 dictum
2128 742 2407 825 fratrem,
2453 746 2506 810 si
2552 747 2813 811 narratis
2858 747 3088 813 veritas

554 827 947 915 suffragatur,
994 831 1224 896 iterum
1271 852 1376 895 me
1425 842 1732 896 converto
1752 883 1769 911 ‚
1815 830 1996 897 vobis
2043 829 2320 899 districte
2366 834 2735 918 iniungens,
2781 853 3090 921 quatenus

554 917 761 1003 ipsum
787 940 899 1003 per
921 916 1353 985 obedientiam
1379 919 1621 1004 cogatis
1652 916 1856 985 redire
1889 920 2025 985 sine
2058 942 2239 985 mora
2262 920 2327 984 in
2347 919 2699 1007 Hamburg,
2732 920 2837 987 ubi
2862 923 3089 989 missus

555 1016 649 1071 est
659 1030 677 1087 ;
726 1028 912 1092 quam
948 1004 1376 1072 obedientiam
1408 1007 1461 1071 si
1491 1008 1969 1092 contempserit,
2015 1028 2244 1094 penam
2278 1012 2405 1074 luat
2434 1020 2709 1074 taxatam
2755 1010 2821 1074 in
2852 1012 3088 1077 consti-

552 1091 923 1173 tutionibus,
970 1116 1161 1180 quam
1194 1105 1413 1160 contra
1445 1117 1512 1159 se
1545 1096 1868 1181 aggravari
1900 1096 2139 1161 senciat
2170 1114 2234 1162 et
2264 1097 2493 1176 iterari,
2543 1095 2750 1162 donec
2782 1098 2909 1164 vite
2942 1121 3088 1185 pro-

555 1181 687 1265 prie
736 1179 1003 1246 modum
1051 1192 1279 1267 ponat3
1330 1181 1627 1248 omnibus
1673 1183 1929 1269 insuper
1978 1235 1991 1247 .
2043 1236 2058 1248 .
2108 1182 2419 1270 prioribus
2466 1195 2529 1250 et
2575 1206 2798 1250 eorum
2846 1187 3089 1251 vicariis

552 1268 780 1353 ipsum,
827 1270 880 1334 si
910 1267 987 1334 ad
1020 1292 1133 1334 eos
1164 1270 1380 1335 venire
1412 1269 1656 1351 audeat,
1702 1271 2028 1337 retinere.l
2090 1270 2292 1351 Quod
2323 1273 2375 1337 si
2407 1270 2587 1338 devia
2617 1274 2796 1360 sequi
2828 1276 3083 1361 ceperit,

553 1374 872 1443 tamquam
936 1358 1096 1423 intra
1142 1358 1534 1443 provinciam
1581 1356 1680 1424 vel
1728 1369 1900 1424 extra
1956 1381 2157 1424 conce
2201 1360 2396 1425 tionis
2441 1384 2553 1425 sue
2612 1359 2834 1426 auxilia
2881 1364 3087 1448 quesi-

550 1455 747 1523 turuS,
794 1455 941 1530 post
972 1446 1177 1531 ipsum
1212 1446 1440 1512 mittite
1472 1444 1573 1511 vel
1620 1447 1782 1512 circa
1828 1447 2037 1533 ipsum
2069 1469 2145 1512 or
2193 1448 2358 1513 'nate
2404 1446 2623 1514 fideles
2657 1460 2719 1515 et
2752 1447 3080 1535 expeditos

552 1530 1184 1686 oridinisdzelatoreql,
1221 1533 1353 1684 lqui
1404 1532 1482 1599 de
1540 1533 1716 1600 factis
1773 1535 1900 1599 suis
1960 1533 2244 1601 deferant
2300 1533 2636 1602 deferenda
2694 1555 2756 1602 et
2814 1535 3084 1604 referant

551 1642 617 1683 re
646 1642 795 1684 eren
842 1643 876 1685 a
926 1673 939 1685 .
991 1673 1005 1686 .
1057 1672 1070 1685 .
1185 1633 1365 1687 aete.

764 1803 780 1832 ¹
817 1795 890 1848 So
916 1795 1019 1849 HS.
1048 1795 1510 1849 Wahrscheinlich
1533 1814 1595 1848 zu
1621 1804 1828 1849 setzen:
1868 1798 2204 1867 (iniungens)
2232 1799 2472 1868 quatinus
2499 1800 2672 1868 ipsum
2701 1841 2712 1852 .
2737 1842 2749 1852 .
2773 1842 2784 1852 .
2807 1801 3082 1855 retineant.

760 1952 871 2006 Fol.
917 1969 1013 2021 177
1034 1964 1085 2005 v.

1755 2127 1883 2197 138.

758 2250 1175 2337 Bestimmung
1219 2252 1320 2317 des
1353 2252 1739 2338 Provinzials
1783 2276 1990 2340 wegen
2040 2255 2195 2318 eines
2225 2254 2531 2342 Hospizes.
2595 2255 2776 2321 Kbln.
2826 2253 2984 2343 (128
2985 2256 3080 2346 9.)

762 2354 1101 2422 Ordinatio
1158 2356 1557 2443 provincialis
1616 2356 1695 2423 de
1757 2356 2034 2445 quodam
2091 2358 2392 2446 hospitiO.
2505 2360 2672 2426 Cum
2734 2361 3080 2447 hospitium

549 2443 611 2506 in
664 2495 677 2507 .
730 2495 743 2507 .
792 2442 1078 2509 fratribus
1112 2443 1408 2511 collatum
1457 2446 1536 2513 sit
1581 2446 1809 2512 intuitu
1855 2446 2120 2532 pietatiS,
2168 2470 2300 2512 non
2351 2446 2428 2513 ad
2475 2447 2739 2514 abusum
2769 2451 3080 2531 vanitatis,

547 2542 754 2597 vestre
801 2530 1163 2598 discretioni
1212 2534 1550 2599 committo
1598 2535 1827 2620 pariter
1873 2545 1936 2600 et
1980 2535 2268 2621 iniungO,
2318 2547 2624 2622 quatenus
2672 2559 2802 2602 non
2844 2538 3080 2618 sinatiS,

549 2616 722 2706 quod
767 2618 954 2706 aliqui
997 2618 1216 2687 fratres
1264 2619 1732 2689 domusvestre
1764 2620 1865 2689 vel
1912 2622 2338 2711 cuiuscunque
2384 2622 2634 2691 alterius
2681 2623 2841 2692 ultra
2887 2648 3077 2692 unam

547 2718 811 2772 noctem
857 2707 921 2772 in
956 2707 1190 2774 eodem
1222 2709 1340 2774 hos
1388 2710 1500 2776 itio
1532 2710 1633 2777 vel
1667 2722 1838 2777 extra
1884 2710 2232 2797 hospitium
2265 2713 2329 2777 in
2364 2711 2603 2799 oppido
2640 2711 3076 2801 (morantur?)

549 2795 667 2859 nisi
700 2818 777 2860 ex
809 2817 992 2861 causa
1036 2732 1387 2862 rationabili
1435 2821 1614 2863 secus
1647 2797 1774 2865 fiat.
1852 2797 1917 2863 Si
1949 2800 2055 2885 qui
2100 2811 2310 2866 autem
2346 2798 2429 2865 ibi
2477 2823 2727 2866 moram
2757 2803 3077 2882 traxerint,

547 2881 829 2969 hospites
885 2886 1307 2969 gravaverint,
1376 2884 1636 2971 beginas
1690 2884 1792 2951 vel
1852 2886 2161 2953 moniales
2221 2888 2635 2968 visitaverint,
2692 2888 2790 2953 vel
2848 2888 3077 2976 aliquid

546 2967 712 3034 aliud
756 2969 1057 3036 indecens
1101 2971 1203 3038 vel
1249 2971 1582 3058 displicens
1630 2974 1895 3059 egerint,
1943 2974 2115 3062 ipsos
2162 2998 2273 3061 per
2305 2998 2421 3041 vos
2467 2975 2568 3041 vel
2615 2977 2857 3062 priores
2904 3001 3075 3058 suOS,

546 3057 599 3121 si
629 3080 747 3122 vos
794 3060 1122 3140 evaserint,
1170 3061 1368 3126 acrius
1401 3063 1747 3148 corrigatiS,
1797 3073 1859 3128 et
1904 3063 1955 3127 si
1987 3064 2150 3127 vires
2180 3075 2417 3129 vestras
2451 3065 2806 3145 excesserit,
2855 3064 2932 3131 ad
2970 3089 3076 3132 me

546 3143 645 3209 vel
690 3144 767 3211 ad
814 3147 1114 3213 vicarium
1162 3146 1460 3215 referatis
1555 3150 1792 3216 Datum
1841 3149 2137 3216 Colonie.
2609 3157 2614 3162 ’

756 3320 868 3374 Fol.
913 3338 930 3373 1
946 3323 1009 3390 78
1027 3334 1078 3375 v.
1136 3277 1175 3281 ω

1748 3496 1882 3566 139.

755 3618 1111 3704 Provinzial
1168 3618 1548 3709 (Hermann)
1613 3620 1932 3708 verteidigt
2000 3625 2189 3687 einem
2254 3622 2518 3709 Adligen
2580 3624 2920 3711 gegeniiber
2980 3625 3075 3689 die

552 3706 613 3769 V
602 3719 915 3794 ersetzung
972 3707 1275 3772 mehrerer
1334 3707 1706 3773 Schwestern
1772 3705 1914 3795 (aus
1980 3710 2069 3773 W
2063 3710 2376 3776 iederstedt
2429 3735 2544 3797 zur
2603 3712 3074 3799 Neugriindung

543 3792 641 3857 des
688 3794 956 3860 Klosters
1001 3797 1064 3859 in
1110 3793 1563 3884 Halberstadt).
1658 3793 1913 3885 (1289.)

756 3900 1113 3986 Responsio
1169 3900 1569 3987 provincialis
1628 3900 1705 3966 ad
1773 3900 2090 3988 quendam
2151 3901 2491 3969 dominum
2563 3927 2752 3991 super
2807 3906 3072 3991 negotio

585 3985 840 4052 uodam.
936 3988 1103 4053 Cum
1158 3986 1422 4053 honoris
1467 3990 1659 4054 vestri
1712 4012 1966 4077 semper
2013 3988 2340 4057 dilexerim
2386 3993 2881 4073 incrementum,
2938 4015 3072 4058 non

540 4009 717 4140 ssacile
750 4073 916 4140 credi
964 4086 1196 4161 potest,
1244 4074 1417 4162 quod
1451 4075 1681 4164 aliquid
1727 4079 2169 4164 temptaverint
2203 4078 2302 4144 vel
2335 4080 2576 4166 egerim
2615 4081 2680 4145 in
2712 4099 3070 4146 vestrorum

540 4161 955 4247 preiudicium
1021 4164 1393 4229 amicorum.
1488 4162 1812 4251 Siquidem
1871 4164 2193 4232 translatio
2257 4168 2447 4253 partis
2506 4190 2802 4233 sororum
2863 4166 2941 4234 de
2991 4220 3004 4233 .
3055 4222 3070 4234 .

540 4248 722 4315 vobis
768 4273 897 4315 non
949 4252 1154 4336 potuit
1214 4274 1351 4316 esse
1398 4253 1756 4337 incognita,
1816 4265 2037 4339 utpote
2086 4256 2372 4340 negociis
2420 4253 2812 4321 evidentibus
2867 4253 3070 4342 plena,

540 4336 617 4403 ad
650 4361 840 4426 quam
888 4339 1225 4404 necessitas
1259 4339 1585 4426 compulit,
1628 4339 1856 4407 utilitas
1895 4342 2019 4405 iam
2055 4340 2243 4422 unde,
2291 4340 2463 4429 quod
2494 4342 2803 4428 legittime
2834 4342 3067 4411 factum

544 4436 665 4506 est,
713 4427 888 4512 argui
939 4449 1072 4491 non
1120 4439 1416 4493 meretur.
1509 4427 2003 4495 Transferuntur
2050 4430 2362 4516 episcopi,
2421 4429 2638 4516 prelati
2687 4443 2748 4497 et
2791 4430 3069 4517 religiosi

540 4512 785 4579 assidue
832 4511 909 4579 de
958 4526 1118 4580 statu
1152 4512 1228 4579 ad
1274 4526 1527 4596 statum,
1576 4514 1654 4581 de
1700 4514 1848 4582 loco
1880 4515 1958 4582 ad
2002 4515 2220 4583 locum
2269 4531 2331 4583 et
2377 4516 2455 4583 de
2502 4541 2706 4605 regno
2754 4517 2831 4584 ad
2869 4541 3069 4605 popu-

539 4599 668 4665 lum
717 4600 980 4668 alterum
1030 4614 1089 4668 et
1145 4600 1350 4668 nullus
1398 4604 1590 4689 priori
1650 4602 1797 4669 loco
1846 4605 2095 4690 cogitur
2143 4603 2379 4671 dicere:
2442 4606 2579 4671 Hec
2626 4607 2871 4694 requies
2927 4630 3074 4672 mea
