3505 5335
457 330 500 398 J.
547 332 694 400 1289.
1626 327 1815 381 Briefe.
2811 383 2816 387 ,
2865 332 2976 396 123

458 487 588 552 aliis
635 499 846 554 autem
904 498 1112 574 parcat
1158 487 1363 567 DeuS,
1430 510 1551 574 que
1596 487 1772 552 vanis
1830 486 2354 573 promissionibus
2416 487 2786 575 pauperibus
2851 487 2984 553 illu-

458 587 691 642 serunt.

668 715 779 769 Fol.
812 721 926 783 1'55.
1000 715 1239 767 Darfiber
1264 715 1430 767 steht:
1471 715 1651 767 Simile
1678 716 1820 768 misit
1859 716 2018 784 priori
2045 715 2372 768 Thuricensi.
2439 714 2539 767 Fur
2571 715 2715 769 diese
2744 731 2811 768 20
2835 716 2982 768 Mark

459 805 656 869 hatten,
696 804 800 856 wie
839 804 949 856 sich
988 820 1079 856 aus
1120 804 1296 856 einem
1335 809 1547 873 spatern
1585 803 1874 856 Schreiben
1918 803 2011 856 des
2050 803 2369 856 Provinzials
2418 804 2622 873 ergiebt
2660 803 2793 872 (Fol.
2839 806 2979 873 159),

458 891 541 943 die
589 891 801 944 Baseler
851 891 956 944 und
991 890 1304 961 Freiburger
1341 892 1723 944 Dominikaner
1775 893 1886 944 ihre
1927 892 2131 945 Bucher
2180 891 2504 962 verpfandet.
2580 891 2845 962 Genugen
2897 892 2982 945 die

460 978 685 1032 Psander
721 997 809 1032 zur
847 979 1107 1049 Deckung
1145 979 1237 1033 der
1275 995 1342 1032 20
1380 979 1526 1032 Mark
1565 981 1734 1046 nicht,
1776 997 1837 1033 so
1876 980 2047 1033 sollen
2085 980 2167 1032 die
2207 980 2436 1045 Bucher‚
2476 979 2684 1033 welche
2722 979 2814 1032 der
2851 980 2980 1033 Pro-’-

460 1067 645 1121 vinzial
682 1069 885 1120 seinem
912 1068 1287 1134 Verwandten,
1327 1068 1526 1121 Bruder
1550 1068 1822 1121 Hermann
1861 1070 1912 1121 in
1939 1068 2295 1133 Schlettstadt‚
2336 1069 2679 1137 angewiesen
2718 1068 2823 1134 hat,
2862 1069 2979 1121 hin-

459 1171 851 1225 zugenommen
890 1155 1122 1209 werden.
1186 1156 1316 1207 VVas
1355 1156 1576 1208 dariiber
1613 1156 1799 1208 hinaus
1831 1156 2007 1208 erzielt
2044 1157 2192 1222 wird,
2234 1156 2333 1209 soll
2372 1166 2522 1209 unter
2560 1156 2642 1208 die
2670 1156 2979 1210 Geschenk-

459 1244 621 1312 geber
645 1243 850 1297 verteilt
879 1244 1110 1297 werden.
1168 1244 1358 1296 Dieses
1385 1245 1451 1296 ist
1477 1244 1560 1296 die
1588 1244 1794 1314 einzige
1821 1244 2000 1310 Stelle,
2039 1243 2246 1297 welche
2285 1245 2412 1296 tiber
2438 1245 2593 1298 einen
2622 1244 2979 1298 Verwandten

458 1332 751 1384 Hermanns
790 1333 862 1384 im
902 1332 1453 1385 Dominikanerorden
1492 1332 1782 1385 Nachricht
1820 1332 1981 1402 giebt.

665 1595 1021 1680 Provinzial
1054 1592 1404 1681 (Hermann
1465 1487 1807 1661 trbstetloazr
1837 1595 2116 1683 Zofinger
2147 1595 2591 1662 Dominikaner
2637 1597 2764 1662 und
2807 1597 2981 1662 droht

454 1684 567 1748 den
614 1683 1001 1769 drdngenden
1049 1683 1262 1765 Jztden.
1411 1683 1672 1770 reiburg.
1769 1682 2019 1774 (1289.)

665 1788 897 1854 Littera
944 1788 1396 1870 consolatoria,
1445 1812 1633 1876 quam
1679 1791 1926 1876 scripsit
1971 1813 2088 1876 pro
2143 1789 2430 1856 fratribus
2477 1789 2979 1875 Zouingensibus

455 1875 871 1962 provincialis
983 1877 1072 1942 Ex
1141 1876 1475 1943 affectione
1545 1897 1804 1964 paterna
1869 1876 2156 1944 dolorem
2216 1897 2493 1944 vestrum
2551 1900 2732 1943 amor
2796 1900 2977 1943 meus

456 1962 898 2031 obstetricante
931 1988 1122 2031 manu
1168 1964 1414 2031 assidue
1447 1968 1803 2032 comitatur.
1879 1965 2064 2033 Unde
2110 1989 2357 2032 rursum
2391 1964 2570 2031 vobis
2620 1988 2753 2031 non
2788 1965 2980 2032 distu—

454 2052 664 2118 lissem
712 2052 1001 2134 scribere,
1050 2054 1168 2118 nisi
1202 2065 1557 2141 reputarem
1604 2078 1709 2120 me
1742 2077 1853 2141 per
1897 2053 2153 2121 fratrem
2186 2054 2550 2134 Cfinonem,
2598 2065 2742 2120 ante
2787 2076 2975 2140 quam

453 2153 688 2207 vestras
734 2142 1079 2228 reciperem
1126 2141 1378 2221 litteras,
1427 2142 1736 2228 corporali
1783 2144 2095 2229 presentia
2141 2143 2263 2207 iam
2312 2154 2707 2228 preventum.
2802 2141 2976 2208 Con-

452 2227 771 2295 fortamini
805 2231 867 2295 in
904 2227 1192 2309 dominO,
1240 2228 1370 2311 filii,
1419 2242 1479 2297 et
1512 2232 1575 2295 in
1623 2232 1906 2317 potentia
1937 2232 2180 2296 virtu'tis
2220 2231 2382 2296 eius!
2462 2231 2627 2296 Nam
2676 2229 2977 2296 hactenus

454 2339 586 2383 non
635 2316 907 2383 deseruit
954 2330 1277 2404 sperantes
1324 2319 1388 2383 in
1435 2342 1523 2398 se,
1572 2320 1676 2406 qui
1721 2320 1901 2385 novit
1947 2320 2008 2383 in
2043 2341 2329 2385 vermem
2377 2318 2716 2383 humanam
2766 2340 2978 2404 super-

452 2403 618 2470 biam
667 2425 1080 2471 commutare.
1160 2407 1438 2472 Necesse
1485 2405 1619 2487 fuit,
1666 2420 1734 2473 ut
1781 2405 1916 2472 talis
1948 2408 2281 2492 temptatio
2330 2405 2621 2493 probaret
2668 2428 2810 2485 nOS,
2858 2428 2977 2492 qua

453 2491 602 2558 foris
649 2515 919 2580 pugnaS,
967 2494 1132 2559 intus
1180 2495 1443 2560 timores
1490 2496 1696 2560 varios
1743 2496 2150 2575 sentirenmS,
2200 2507 2263 2561 et
2310 2492 2529 2561 Caldei
2565 2505 2693 2560 tres
2740 2512 2977 2559 turmas

454 2593 673 2648 contra
719 2582 1036 2669 exemplar
1083 2583 1390 2669 pacientie
1437 2581 1549 2649 Iob
1599 2595 2028 2664 consererent,
2076 2584 2159 2649 ita
2204 2594 2272 2649 ut
2322 2601 2540 2648 contra
2586 2605 2705 2647 nos
2751 2580 2977 2662 clerici,

450 2667 609 2758 layci
655 2693 725 2735 ac
772 2669 944 2736 Iudei
994 2695 1067 2736 os
1114 2695 1298 2737 suum
1347 2673 1521 2759 quasi
1568 2670 1668 2737 leo
1716 2673 1962 2758 rapiens
2011 2684 2073 2738 et
2130 2673 2385 2758 rugiens
2432 2673 2761 2758 aperirent.
2855 2670 2976 2737 Ista

453 2777 545 2824 est
599 2770 726 2824 tres
773 2758 1009 2825 habens
1058 2758 1314 2825 ordines
1363 2758 1656 2826 dencium
1713 2761 1778 2824 in
1825 2761 2070 2826 visione
2133 2759 2327 2826 bestia
2376 2759 2672 2825 Danielis,
2766 2758 2977 2825 Liceat

452 2848 638 2932 igitur
668 2845 922 2933 gloriari
955 2870 1100 2913 cum
1133 2847 1426 2934 apostolo
1454 2846 1727 2915 dicente:
1765 2849 2282 2915 Persecutionem
2314 2849 2584 2934 patimur
2619 2859 2679 2914 et
2711 2848 2975 2913 sustine-

452 2957 613 3014 mus,
650 2933 1089 3001 blasfemamur
1124 2946 1186 3001 et
1221 2935 1623 3002 obsecramus
1652 2990 1664 3002 .
1696 2990 1708 3002 .
1741 2990 1755 3002 .
1798 2937 2030 3002 Levate
2066 2937 2264 3023 capita
2296 2948 2522 3016 vestra,
2558 2958 2744 3022 spero
2781 2937 2974 3014 enim,

452 3020 624 3107 quod
670 3034 873 3087 vestra
919 3020 1273 3109 redemptio
1329 3023 1790 3111 propinquabit.
1886 3022 2113 3090 Videte
2167 3023 2500 3090 ficulneam
2563 3022 2972 3110 apostolicam

452 3106 791 3175 litterarum
848 3108 1015 3174 foliis
1078 3123 1356 3176 nostram
1407 3111 1851 3178 verecundiam
1909 3130 2352 3197 protegentem
2409 3111 2649 3191 lacteiS,
2706 3111 2975 3176 lacrimis

453 3198 909 3283 compassionis
956 3209 1171 3263 nostra
1202 3197 1457 3265 vulnera
1504 3210 2018 3286 prosequentem,
2068 3201 2398 3285 oportunis
2447 3210 2733 3265 nostrum
2772 3196 2975 3265 defec-

451 3296 586 3349 tum
650 3283 947 3351 fructibus
1008 3299 1402 3372 reparantem
1461 3299 1523 3353 et
1579 3309 1843 3354 omnem
1902 3285 2193 3352 arborem
2254 3286 2588 3373 plantatam
2650 3288 2711 3351 in
2774 3284 2975 3351 domo

452 3371 717 3454 domini,
766 3386 975 3440 cetum
1007 3373 1296 3440 videlicet
1330 3374 1776 3441 venerabilium
1819 3374 2230 3441 dominorum
2266 3373 2691 3454 cardinalium,
2742 3376 2975 3440 nostris

451 3484 518 3526 se
579 3461 884 3527 machinis
934 3460 1448 3548 impendentem,
1516 3474 1577 3529 et
1634 3461 1958 3530 advertere
2005 3463 2324 3549 poteritiS,
2390 3460 2563 3550 quod
2619 3485 2818 3549 prope
2882 3476 2974 3529 est

451 3560 634 3630 estaS,
685 3561 750 3615 ut
795 3574 978 3637 yems
1025 3561 1317 3632 transeat,
1366 3550 1567 3616 imber
1613 3550 1791 3617 abeat
1824 3565 1885 3618 et
1930 3550 2197 3618 recedat.
2277 3549 2719 3637 Indignatione
2753 3549 2974 3637 plenus

450 3661 612 3718 sum,
659 3639 708 3703 si
742 3636 915 3704 Iudei
948 3640 1011 3703 in
1047 3640 1244 3704 crucis
1292 3638 1805 3725 predicatoribus,
1855 3664 1976 3728 que
2008 3640 2156 3727 ipsis
2188 3637 2547 3705 scandalum
2583 3650 2697 3720 est,
2747 3637 2972 3704 habere

451 3724 682 3791 debent
728 3728 1003 3792 ostentui
1052 3727 1469 3813 ignominiam
1522 3726 1818 3793 crucifixi.
1910 3729 2064 3794 Non
2114 3752 2188 3794 ex
2238 3727 2359 3792 hoc
2409 3750 2563 3814 ergo
2612 3726 2974 3806 turbemini,

450 3815 500 3878 si
546 3812 729 3879 nobis
776 3815 923 3880 assit
969 3838 1001 3880 a
1049 3813 1254 3880 Iudeis
1302 3816 1496 3901 passis
1543 3814 1797 3901 gloriari
1844 3817 1908 3882 in
1957 3839 2139 3882 cruce
2187 3813 2432 3881 domini
2479 3815 2663 3882 Ihesu
2715 3815 2969 3881 Christi.

450 3902 585 3986 Ego
647 3913 854 3968 autem
920 3904 968 3967 si
1027 3904 1091 3968 in
1150 3905 1481 3989 proposito
1539 3926 2055 3990 perseveravem,
2115 3902 2427 3990 proferam
2489 3903 2696 3969 Iudeis
2754 3915 2973 3969 contra

449 3990 732 4075 ipsorum
781 3987 1175 4056 demenciam
1210 3991 1395 4057 verba
1428 3990 1574 4058 duo,
1654 3992 1821 4058 Nam
1870 3993 2084 4078 precio
2115 3993 2456 4078 sanguiniS,
2505 3991 2678 4080 quod
2725 3993 2789 4056 in
2835 4014 2973 4056 cor-

448 4075 680 4142 bonam
719 4100 847 4143 non
876 4077 1225 4145 debuerunt
1256 4081 1526 4161 mittere,
1561 4081 1819 4147 mittunt
1852 4082 1914 4145 in
1941 4079 2220 4161 corbem,
2254 4099 2557 4166 spergunt
2589 4102 2699 4166 per
2727 4078 2971 4158 orbem,

450 4165 774 4319 Christtssm
823 4189 1063 4246 emere,
1122 4166 1493 4234 christianos
1549 4167 1823 4234 vendere
1872 4166 2302 4234 decernentes,
2397 4167 2639 4234 Valete.
2733 4167 2968 4233 Datum

447 4254 512 4319 in
560 4254 671 4319 Vri
718 4276 852 4340 urg.

659 4421 675 4449 ¹
715 4413 931 4483 doppelt
970 4431 1019 4483 p.
1059 4414 1161 4468 HS.

656 4572 766 4626 Fol.
813 4573 924 4640 156.
1000 4571 1096 4624 Ein
1125 4573 1397 4643 spezielles
1427 4575 1747 4645 piipstliches
1775 4575 2075 4640 Schreiben,
2115 4573 2209 4625 auf
2227 4574 2464 4627 welches
2492 4574 2651 4644 obige
2679 4573 2970 4642 Wendung

445 4680 505 4713 zu
544 4662 797 4714 beziehen
837 4662 918 4727 ist,
957 4660 1119 4714 findet
1157 4662 1270 4714 sich
1308 4663 1451 4716 nicht
1490 4681 1601 4717 vor.
1675 4663 1760 4715 Da
1798 4662 1889 4714 das
1932 4661 2060 4733 folg.
2101 4662 2388 4715 Schreiben
2428 4679 2554 4715 vom
2593 4662 2740 4716 Febr.
2782 4663 2965 4734 (1289)
