<?xml version="1.0" encoding="UTF-8"?>
<!DOCTYPE html PUBLIC "-//W3C//DTD XHTML 1.0 Transitional//EN"
    "http://www.w3.org/TR/xhtml1/DTD/xhtml1-transitional.dtd">
<html xmlns="http://www.w3.org/1999/xhtml" xml:lang="en" lang="en">
 <head>
  <title>
</title>
<meta http-equiv="Content-Type" content="text/html;charset=utf-8" />
  <meta name='ocr-system' content='tesseract 3.04.00' />
  <meta name='ocr-capabilities' content='ocr_page ocr_carea ocr_par ocr_line ocrx_word'/>
</head>
<body>
  <div class='ocr_page' id='page_1' title='image "./ungedrucktedomi01finkgoog_0173.png"; bbox 0 0 3505 5335; ppageno 0'>
   <div class='ocr_carea' id='block_1_1' title="bbox 405 332 2926 418">
    <p class='ocr_par' dir='ltr' id='par_1_1' title="bbox 405 332 2926 418">
     <span class='ocr_line' id='line_1_1' title="bbox 405 332 2926 418; baseline -0.002 -18"><span class='ocrx_word' id='word_1_1' title='bbox 405 347 450 416; x_wconf 91' lang='lat' dir='ltr'><strong>J.</strong></span> <span class='ocrx_word' id='word_1_2' title='bbox 496 361 643 418; x_wconf 83' lang='lat'><strong>1294.</strong></span> <span class='ocrx_word' id='word_1_3' title='bbox 1581 344 1768 398; x_wconf 86' lang='lat' dir='ltr'><strong>Briefe.</strong></span> <span class='ocrx_word' id='word_1_4' title='bbox 2815 351 2837 394; x_wconf 94' lang='lat'>1</span> <span class='ocrx_word' id='word_1_5' title='bbox 2852 332 2926 395; x_wconf 78' lang='lat'><strong>61</strong></span> 
     </span>
    </p>
   </div>
   <div class='ocr_carea' id='block_1_2' title="bbox 401 494 2934 3409">
    <p class='ocr_par' dir='ltr' id='par_1_2' title="bbox 401 494 2934 3409">
     <span class='ocr_line' id='line_1_2' title="bbox 404 494 2930 593; baseline 0 -23"><span class='ocrx_word' id='word_1_6' title='bbox 404 494 674 592; x_wconf 84' lang='lat' dir='ltr'><strong>propriis</strong></span> <span class='ocrx_word' id='word_1_7' title='bbox 707 504 1022 593; x_wconf 85' lang='lat' dir='ltr'><strong>implicitis</strong></span> <span class='ocrx_word' id='word_1_8' title='bbox 1056 501 1409 587; x_wconf 90' lang='lat' dir='ltr'><strong>destinavit,</strong></span> <span class='ocrx_word' id='word_1_9' title='bbox 1458 528 1721 592; x_wconf 90' lang='lat' dir='ltr'><strong>quarum</strong></span> <span class='ocrx_word' id='word_1_10' title='bbox 1756 501 1994 572; x_wconf 84' lang='lat' dir='ltr'><strong>adverti</strong></span> <span class='ocrx_word' id='word_1_11' title='bbox 2027 504 2483 571; x_wconf 82' lang='lat' dir='ltr'><strong>continentiam</strong></span> <span class='ocrx_word' id='word_1_12' title='bbox 2519 515 2583 571; x_wconf 92' lang='lat' dir='ltr'><strong>et</strong></span> <span class='ocrx_word' id='word_1_13' title='bbox 2614 517 2930 572; x_wconf 90' lang='lat' dir='ltr'><strong>tenorem.</strong></span> 
     </span>
     <span class='ocr_line' id='line_1_3' title="bbox 405 590 2934 680; baseline 0 -22"><span class='ocrx_word' id='word_1_14' title='bbox 405 593 572 659; x_wconf 91' lang='lat' dir='ltr'><strong>Nam</strong></span> <span class='ocrx_word' id='word_1_15' title='bbox 622 593 693 659; x_wconf 91' lang='lat' dir='ltr'><strong>ab</strong></span> <span class='ocrx_word' id='word_1_16' title='bbox 733 594 873 680; x_wconf 91' lang='lat' dir='ltr'><strong>ipso</strong></span> <span class='ocrx_word' id='word_1_17' title='bbox 965 593 1225 660; x_wconf 86' lang='lat' dir='ltr'><strong>etivistis</strong></span> <span class='ocrx_word' id='word_1_18' title='bbox 1272 592 1586 660; x_wconf 85' lang='lat' dir='ltr'><strong>licentiam</strong></span> <span class='ocrx_word' id='word_1_19' title='bbox 1620 590 1698 660; x_wconf 89' lang='lat' dir='ltr'><strong>ad</strong></span> <span class='ocrx_word' id='word_1_20' title='bbox 1743 592 1933 658; x_wconf 92' lang='lat' dir='ltr'><strong>alium</strong></span> <span class='ocrx_word' id='word_1_21' title='bbox 1968 590 2256 658; x_wconf 88' lang='lat' dir='ltr'><strong>ordinem</strong></span> <span class='ocrx_word' id='word_1_22' title='bbox 2305 591 2689 674; x_wconf 87' lang='lat' dir='ltr'><strong>transeundi,</strong></span> <span class='ocrx_word' id='word_1_23' title='bbox 2737 594 2934 660; x_wconf 92' lang='lat' dir='ltr'><strong>sancti</strong></span> 
     </span>
     <span class='ocr_line' id='line_1_4' title="bbox 406 616 2933 769; baseline 0 -23"><span class='ocrx_word' id='word_1_24' title='bbox 406 680 697 748; x_wconf 90' lang='lat' dir='ltr'><strong>videlicet</strong></span> <span class='ocrx_word' id='word_1_25' title='bbox 728 616 1071 762; x_wconf 78' lang='lat' dir='ltr'><strong>Benedicti,</strong></span> <span class='ocrx_word' id='word_1_26' title='bbox 1119 683 1507 768; x_wconf 84' lang='lat' dir='ltr'><strong>assignantes</strong></span> <span class='ocrx_word' id='word_1_27' title='bbox 1555 704 1828 761; x_wconf 88' lang='lat' dir='ltr'><strong>causam,</strong></span> <span class='ocrx_word' id='word_1_28' title='bbox 1877 681 2019 768; x_wconf 84' lang='lat' dir='ltr'><strong>quia</strong></span> <span class='ocrx_word' id='word_1_29' title='bbox 2063 678 2245 746; x_wconf 88' lang='lat' dir='ltr'><strong>vobis</strong></span> <span class='ocrx_word' id='word_1_30' title='bbox 2278 678 2572 747; x_wconf 89' lang='lat' dir='ltr'><strong>deessent</strong></span> <span class='ocrx_word' id='word_1_31' title='bbox 2617 680 2781 769; x_wconf 92' lang='lat' dir='ltr'><strong>apud</strong></span> <span class='ocrx_word' id='word_1_32' title='bbox 2813 705 2933 747; x_wconf 91' lang='lat' dir='ltr'><strong>nos</strong></span> 
     </span>
     <span class='ocr_line' id='line_1_5' title="bbox 404 767 2933 858; baseline 0 -24"><span class='ocrx_word' id='word_1_33' title='bbox 404 769 686 836; x_wconf 87' lang='lat' dir='ltr'><strong>remedia</strong></span> <span class='ocrx_word' id='word_1_34' title='bbox 756 767 1089 835; x_wconf 89' lang='lat' dir='ltr'><strong>medicine.</strong></span> <span class='ocrx_word' id='word_1_35' title='bbox 1209 769 1612 858; x_wconf 89' lang='lat' dir='ltr'><strong>Adiecitque,</strong></span> <span class='ocrx_word' id='word_1_36' title='bbox 1687 767 1862 856; x_wconf 90' lang='lat' dir='ltr'><strong>quod</strong></span> <span class='ocrx_word' id='word_1_37' title='bbox 1926 769 2406 835; x_wconf 86' lang='lat' dir='ltr'><strong>circumstantiis</strong></span> <span class='ocrx_word' id='word_1_38' title='bbox 2462 770 2715 855; x_wconf 87' lang='lat' dir='ltr'><strong>negocii</strong></span> <span class='ocrx_word' id='word_1_39' title='bbox 2780 792 2933 856; x_wconf 92' lang='lat' dir='ltr'><strong>pen-</strong></span> 
     </span>
     <span class='ocr_line' id='line_1_6' title="bbox 406 855 2929 945; baseline 0 -23"><span class='ocrx_word' id='word_1_40' title='bbox 406 858 552 923; x_wconf 85' lang='lat' dir='ltr'><strong>satis</strong></span> <span class='ocrx_word' id='word_1_41' title='bbox 584 856 846 945; x_wconf 86' lang='lat' dir='ltr'><strong>provide</strong></span> <span class='ocrx_word' id='word_1_42' title='bbox 879 858 1057 923; x_wconf 88' lang='lat' dir='ltr'><strong>vobis</strong></span> <span class='ocrx_word' id='word_1_43' title='bbox 1090 876 1296 925; x_wconf 85' lang='lat' dir='ltr'><strong>vestre</strong></span> <span class='ocrx_word' id='word_1_44' title='bbox 1329 858 1652 944; x_wconf 90' lang='lat' dir='ltr'><strong>petitionis</strong></span> <span class='ocrx_word' id='word_1_45' title='bbox 1686 856 1984 923; x_wconf 89' lang='lat' dir='ltr'><strong>effectum</strong></span> <span class='ocrx_word' id='word_1_46' title='bbox 2019 855 2442 923; x_wconf 88' lang='lat' dir='ltr'><strong>concederem</strong></span> <span class='ocrx_word' id='word_1_47' title='bbox 2474 857 2576 923; x_wconf 89' lang='lat' dir='ltr'><strong>vel</strong></span> <span class='ocrx_word' id='word_1_48' title='bbox 2608 879 2929 944; x_wconf 86' lang='lat' dir='ltr'><strong>negarem.</strong></span> 
     </span>
     <span class='ocr_line' id='line_1_7' title="bbox 405 942 2931 1034; baseline 0 -24"><span class='ocrx_word' id='word_1_49' title='bbox 405 945 606 1011; x_wconf 87' lang='lat' dir='ltr'><strong>Porro</strong></span> <span class='ocrx_word' id='word_1_50' title='bbox 656 946 788 1011; x_wconf 85' lang='lat' dir='ltr'><strong>iure</strong></span> <span class='ocrx_word' id='word_1_51' title='bbox 835 964 1085 1012; x_wconf 90' lang='lat' dir='ltr'><strong>cautum</strong></span> <span class='ocrx_word' id='word_1_52' title='bbox 1135 958 1248 1027; x_wconf 88' lang='lat' dir='ltr'><strong>est,</strong></span> <span class='ocrx_word' id='word_1_53' title='bbox 1296 943 1489 1034; x_wconf 92' lang='lat' dir='ltr'><strong>quod,</strong></span> <span class='ocrx_word' id='word_1_54' title='bbox 1537 946 1642 1033; x_wconf 92' lang='lat' dir='ltr'><strong>qui</strong></span> <span class='ocrx_word' id='word_1_55' title='bbox 1686 942 1764 1011; x_wconf 89' lang='lat' dir='ltr'><strong>de</strong></span> <span class='ocrx_word' id='word_1_56' title='bbox 1812 967 1935 1010; x_wconf 90' lang='lat' dir='ltr'><strong>una</strong></span> <span class='ocrx_word' id='word_1_57' title='bbox 1980 943 2291 1031; x_wconf 89' lang='lat' dir='ltr'><strong>religione</strong></span> <span class='ocrx_word' id='word_1_58' title='bbox 2338 945 2609 1031; x_wconf 91' lang='lat' dir='ltr'><strong>migrare</strong></span> <span class='ocrx_word' id='word_1_59' title='bbox 2641 946 2810 1033; x_wconf 91' lang='lat' dir='ltr'><strong>cupit</strong></span> <span class='ocrx_word' id='word_1_60' title='bbox 2856 943 2931 1011; x_wconf 87' lang='lat' dir='ltr'><strong>ad</strong></span> 
     </span>
     <span class='ocr_line' id='line_1_8' title="bbox 405 1030 2931 1121; baseline 0 -23"><span class='ocrx_word' id='word_1_61' title='bbox 405 1032 616 1114; x_wconf 88' lang='lat' dir='ltr'><strong>aliam,</strong></span> <span class='ocrx_word' id='word_1_62' title='bbox 680 1031 865 1100; x_wconf 92' lang='lat' dir='ltr'><strong>debet</strong></span> <span class='ocrx_word' id='word_1_63' title='bbox 926 1033 1052 1099; x_wconf 93' lang='lat' dir='ltr'><strong>hoc</strong></span> <span class='ocrx_word' id='word_1_64' title='bbox 1112 1056 1299 1121; x_wconf 90' lang='lat' dir='ltr'><strong>agere</strong></span> <span class='ocrx_word' id='word_1_65' title='bbox 1364 1034 1619 1099; x_wconf 90' lang='lat' dir='ltr'><strong>maioris</strong></span> <span class='ocrx_word' id='word_1_66' title='bbox 1682 1033 2009 1119; x_wconf 87' lang='lat' dir='ltr'><strong>religionis</strong></span> <span class='ocrx_word' id='word_1_67' title='bbox 2083 1031 2347 1099; x_wconf 91' lang='lat' dir='ltr'><strong>obtentu</strong></span> <span class='ocrx_word' id='word_1_68' title='bbox 2423 1052 2484 1099; x_wconf 92' lang='lat' dir='ltr'><strong>et</strong></span> <span class='ocrx_word' id='word_1_69' title='bbox 2546 1030 2624 1100; x_wconf 90' lang='lat' dir='ltr'><strong>ad</strong></span> <span class='ocrx_word' id='word_1_70' title='bbox 2682 1031 2931 1120; x_wconf 89' lang='lat' dir='ltr'><strong>frugem</strong></span> 
     </span>
     <span class='ocr_line' id='line_1_9' title="bbox 405 1119 2932 1209; baseline 0 -23"><span class='ocrx_word' id='word_1_71' title='bbox 405 1120 685 1187; x_wconf 89' lang='lat' dir='ltr'><strong>melioris</strong></span> <span class='ocrx_word' id='word_1_72' title='bbox 730 1122 878 1202; x_wconf 90' lang='lat' dir='ltr'><strong>vite,</strong></span> <span class='ocrx_word' id='word_1_73' title='bbox 925 1122 1305 1189; x_wconf 89' lang='lat' dir='ltr'><strong>strictiorem</strong></span> <span class='ocrx_word' id='word_1_74' title='bbox 1353 1121 1754 1209; x_wconf 86' lang='lat' dir='ltr'><strong>religionem,</strong></span> <span class='ocrx_word' id='word_1_75' title='bbox 1802 1119 2276 1187; x_wconf 84' lang='lat' dir='ltr'><strong>observanciam</strong></span> <span class='ocrx_word' id='word_1_76' title='bbox 2323 1120 2741 1203; x_wconf 83' lang='lat' dir='ltr'><strong>sanctiorem3</strong></span> <span class='ocrx_word' id='word_1_77' title='bbox 2797 1143 2932 1187; x_wconf 88' lang='lat' dir='ltr'><strong>non</strong></span> 
     </span>
     <span class='ocr_line' id='line_1_10' title="bbox 403 1207 2929 1291; baseline 0.001 -16"><span class='ocrx_word' id='word_1_78' title='bbox 403 1208 482 1275; x_wconf 93' lang='lat' dir='ltr'><strong>ad</strong></span> <span class='ocrx_word' id='word_1_79' title='bbox 525 1209 828 1276; x_wconf 86' lang='lat' dir='ltr'><strong>laxiorem</strong></span> <span class='ocrx_word' id='word_1_80' title='bbox 876 1210 978 1277; x_wconf 91' lang='lat' dir='ltr'><strong>vel</strong></span> <span class='ocrx_word' id='word_1_81' title='bbox 1023 1212 1364 1291; x_wconf 89' lang='lat' dir='ltr'><strong>minorem,</strong></span> <span class='ocrx_word' id='word_1_82' title='bbox 1415 1233 1491 1276; x_wconf 82' lang='lat' dir='ltr'><strong>ex</strong></span> <span class='ocrx_word' id='word_1_83' title='bbox 1535 1210 1890 1276; x_wconf 86' lang='lat' dir='ltr'><strong>temeritate</strong></span> <span class='ocrx_word' id='word_1_84' title='bbox 1935 1207 2037 1275; x_wconf 89' lang='lat' dir='ltr'><strong>vel</strong></span> <span class='ocrx_word' id='word_1_85' title='bbox 2080 1208 2331 1276; x_wconf 89' lang='lat' dir='ltr'><strong>levitate</strong></span> <span class='ocrx_word' id='word_1_86' title='bbox 2377 1209 2572 1274; x_wconf 90' lang='lat' dir='ltr'><strong>animi</strong></span> <span class='ocrx_word' id='word_1_87' title='bbox 2619 1207 2929 1277; x_wconf 88' lang='lat' dir='ltr'><strong>declinare</strong></span> 
     </span>
     <span class='ocr_line' id='line_1_11' title="bbox 404 1297 2931 1386; baseline 0 -23"><span class='ocrx_word' id='word_1_88' title='bbox 404 1320 798 1386; x_wconf 89' lang='lat' dir='ltr'><strong>nequaquam</strong></span> <span class='ocrx_word' id='word_1_89' title='bbox 845 1320 961 1385; x_wconf 90' lang='lat' dir='ltr'><strong>pro</strong></span> <span class='ocrx_word' id='word_1_90' title='bbox 1009 1299 1082 1364; x_wconf 89' lang='lat' dir='ltr'><strong>rii</strong></span> <span class='ocrx_word' id='word_1_91' title='bbox 1129 1298 1369 1365; x_wconf 89' lang='lat' dir='ltr'><strong>ordinis</strong></span> <span class='ocrx_word' id='word_1_92' title='bbox 1424 1299 1489 1364; x_wconf 91' lang='lat' dir='ltr'><strong>in</strong></span> <span class='ocrx_word' id='word_1_93' title='bbox 1545 1298 1866 1364; x_wconf 89' lang='lat' dir='ltr'><strong>iacturam.</strong></span> <span class='ocrx_word' id='word_1_94' title='bbox 1959 1297 2232 1376; x_wconf 86' lang='lat' dir='ltr'><strong>Causam</strong></span> <span class='ocrx_word' id='word_1_95' title='bbox 2290 1298 2477 1364; x_wconf 89' lang='lat' dir='ltr'><strong>etiam</strong></span> <span class='ocrx_word' id='word_1_96' title='bbox 2525 1319 2742 1364; x_wconf 88' lang='lat' dir='ltr'><strong>veram</strong></span> <span class='ocrx_word' id='word_1_97' title='bbox 2797 1320 2931 1364; x_wconf 90' lang='lat' dir='ltr'><strong>non</strong></span> 
     </span>
     <span class='ocr_line' id='line_1_12' title="bbox 403 1383 2928 1474; baseline 0 -23"><span class='ocrx_word' id='word_1_98' title='bbox 403 1383 614 1452; x_wconf 90' lang='lat' dir='ltr'><strong>fictam</strong></span> <span class='ocrx_word' id='word_1_99' title='bbox 662 1398 724 1453; x_wconf 90' lang='lat' dir='ltr'><strong>et</strong></span> <span class='ocrx_word' id='word_1_100' title='bbox 770 1385 965 1474; x_wconf 88' lang='lat' dir='ltr'><strong>proba</strong></span> <span class='ocrx_word' id='word_1_101' title='bbox 1011 1386 1158 1453; x_wconf 89' lang='lat' dir='ltr'><strong>ilem</strong></span> <span class='ocrx_word' id='word_1_102' title='bbox 1206 1397 1463 1474; x_wconf 89' lang='lat' dir='ltr'><strong>oportet</strong></span> <span class='ocrx_word' id='word_1_103' title='bbox 1507 1385 1698 1452; x_wconf 89' lang='lat' dir='ltr'><strong>talem</strong></span> <span class='ocrx_word' id='word_1_104' title='bbox 1743 1385 2062 1471; x_wconf 88' lang='lat' dir='ltr'><strong>assignare</strong></span> <span class='ocrx_word' id='word_1_105' title='bbox 2110 1396 2171 1451; x_wconf 91' lang='lat' dir='ltr'><strong>et</strong></span> <span class='ocrx_word' id='word_1_106' title='bbox 2218 1385 2306 1450; x_wconf 92' lang='lat' dir='ltr'><strong>sic</strong></span> <span class='ocrx_word' id='word_1_107' title='bbox 2353 1383 2475 1471; x_wconf 91' lang='lat' dir='ltr'><strong>legi</strong></span> <span class='ocrx_word' id='word_1_108' title='bbox 2524 1386 2761 1472; x_wconf 90' lang='lat' dir='ltr'><strong>private</strong></span> <span class='ocrx_word' id='word_1_109' title='bbox 2794 1409 2928 1452; x_wconf 90' lang='lat' dir='ltr'><strong>non</strong></span> 
     </span>
     <span class='ocr_line' id='line_1_13' title="bbox 403 1471 2932 1562; baseline 0 -24"><span class='ocrx_word' id='word_1_110' title='bbox 403 1471 667 1555; x_wconf 89' lang='lat' dir='ltr'><strong>suberit,</strong></span> <span class='ocrx_word' id='word_1_111' title='bbox 730 1475 836 1562; x_wconf 92' lang='lat' dir='ltr'><strong>qui</strong></span> <span class='ocrx_word' id='word_1_112' title='bbox 896 1475 1147 1559; x_wconf 89' lang='lat' dir='ltr'><strong>spiritus</strong></span> <span class='ocrx_word' id='word_1_113' title='bbox 1209 1475 1485 1562; x_wconf 90' lang='lat' dir='ltr'><strong>concipit</strong></span> <span class='ocrx_word' id='word_1_114' title='bbox 1545 1471 1915 1539; x_wconf 87' lang='lat' dir='ltr'><strong>libertatem.</strong></span> <span class='ocrx_word' id='word_1_115' title='bbox 2017 1471 2361 1560; x_wconf 90' lang='lat' dir='ltr'><strong>Oportebit</strong></span> <span class='ocrx_word' id='word_1_116' title='bbox 2420 1474 2674 1560; x_wconf 90' lang='lat' dir='ltr'><strong>insuper</strong></span> <span class='ocrx_word' id='word_1_117' title='bbox 2736 1474 2932 1540; x_wconf 92' lang='lat' dir='ltr'><strong>vitam</strong></span> 
     </span>
     <span class='ocr_line' id='line_1_14' title="bbox 402 1558 2934 1649; baseline 0.001 -23"><span class='ocrx_word' id='word_1_118' title='bbox 402 1560 582 1627; x_wconf 91' lang='lat' dir='ltr'><strong>aliam</strong></span> <span class='ocrx_word' id='word_1_119' title='bbox 617 1562 954 1642; x_wconf 88' lang='lat' dir='ltr'><strong>invenisse,</strong></span> <span class='ocrx_word' id='word_1_120' title='bbox 1002 1563 1363 1649; x_wconf 90' lang='lat' dir='ltr'><strong>priusquam</strong></span> <span class='ocrx_word' id='word_1_121' title='bbox 1410 1562 1794 1627; x_wconf 88' lang='lat' dir='ltr'><strong>anteriorem</strong></span> <span class='ocrx_word' id='word_1_122' title='bbox 1832 1558 2056 1627; x_wconf 89' lang='lat' dir='ltr'><strong>audeat</strong></span> <span class='ocrx_word' id='word_1_123' title='bbox 2100 1559 2443 1648; x_wconf 89' lang='lat' dir='ltr'><strong>reliquisse,</strong></span> <span class='ocrx_word' id='word_1_124' title='bbox 2490 1583 2572 1627; x_wconf 89' lang='lat' dir='ltr'><strong>ne</strong></span> <span class='ocrx_word' id='word_1_125' title='bbox 2605 1562 2934 1648; x_wconf 90' lang='lat' dir='ltr'><strong>contingat</strong></span> 
     </span>
     <span class='ocr_line' id='line_1_15' title="bbox 404 1647 2929 1737; baseline 0.001 -23"><span class='ocrx_word' id='word_1_126' title='bbox 404 1671 549 1714; x_wconf 89' lang='lat' dir='ltr'><strong>eum</strong></span> <span class='ocrx_word' id='word_1_127' title='bbox 592 1648 692 1718; x_wconf 86' lang='lat' dir='ltr'><strong>vel</strong></span> <span class='ocrx_word' id='word_1_128' title='bbox 737 1647 813 1716; x_wconf 91' lang='lat' dir='ltr'><strong>ad</strong></span> <span class='ocrx_word' id='word_1_129' title='bbox 861 1661 1112 1737; x_wconf 90' lang='lat' dir='ltr'><strong>tempus</strong></span> <span class='ocrx_word' id='word_1_130' title='bbox 1159 1651 1223 1715; x_wconf 94' lang='lat' dir='ltr'><strong>in</strong></span> <span class='ocrx_word' id='word_1_131' title='bbox 1270 1649 1536 1715; x_wconf 88' lang='lat' dir='ltr'><strong>aliorum</strong></span> <span class='ocrx_word' id='word_1_132' title='bbox 1579 1647 1941 1716; x_wconf 90' lang='lat' dir='ltr'><strong>scandalum</strong></span> <span class='ocrx_word' id='word_1_133' title='bbox 1989 1647 2210 1715; x_wconf 89' lang='lat' dir='ltr'><strong>relicto</strong></span> <span class='ocrx_word' id='word_1_134' title='bbox 2243 1647 2602 1715; x_wconf 90' lang='lat' dir='ltr'><strong>monachali</strong></span> <span class='ocrx_word' id='word_1_135' title='bbox 2631 1667 2929 1730; x_wconf 90' lang='lat' dir='ltr'><strong>scemate,</strong></span> 
     </span>
     <span class='ocr_line' id='line_1_16' title="bbox 402 1736 2931 1826; baseline 0.001 -24"><span class='ocrx_word' id='word_1_136' title='bbox 402 1737 563 1804; x_wconf 91' lang='lat' dir='ltr'><strong>sicut</strong></span> <span class='ocrx_word' id='word_1_137' title='bbox 609 1738 783 1819; x_wconf 78' lang='lat' dir='ltr'><strong>oviS,</strong></span> <span class='ocrx_word' id='word_1_138' title='bbox 830 1761 951 1825; x_wconf 93' lang='lat' dir='ltr'><strong>que</strong></span> <span class='ocrx_word' id='word_1_139' title='bbox 998 1738 1215 1826; x_wconf 85' lang='lat' dir='ltr'><strong>periit,</strong></span> <span class='ocrx_word' id='word_1_140' title='bbox 1272 1736 1583 1804; x_wconf 88' lang='lat' dir='ltr'><strong>oberrare.</strong></span> <span class='ocrx_word' id='word_1_141' title='bbox 1679 1737 1908 1804; x_wconf 90' lang='lat' dir='ltr'><strong>Cetera</strong></span> <span class='ocrx_word' id='word_1_142' title='bbox 1952 1759 2107 1803; x_wconf 90' lang='lat' dir='ltr'><strong>vero</strong></span> <span class='ocrx_word' id='word_1_143' title='bbox 2156 1736 2207 1802; x_wconf 90' lang='lat' dir='ltr'><strong>si</strong></span> <span class='ocrx_word' id='word_1_144' title='bbox 2252 1737 2370 1803; x_wconf 89' lang='lat' dir='ltr'><strong>rite</strong></span> <span class='ocrx_word' id='word_1_145' title='bbox 2417 1738 2635 1803; x_wconf 91' lang='lat' dir='ltr'><strong>omnia</strong></span> <span class='ocrx_word' id='word_1_146' title='bbox 2722 1759 2931 1804; x_wconf 89' lang='lat' dir='ltr'><strong>roces-</strong></span> 
     </span>
     <span class='ocr_line' id='line_1_17' title="bbox 402 1760 2928 1914; baseline 0.001 -24"><span class='ocrx_word' id='word_1_147' title='bbox 402 1825 660 1907; x_wconf 87' lang='lat' dir='ltr'><strong>sissent,</strong></span> <span class='ocrx_word' id='word_1_148' title='bbox 719 1848 902 1892; x_wconf 90' lang='lat' dir='ltr'><strong>causa</strong></span> <span class='ocrx_word' id='word_1_149' title='bbox 960 1837 1175 1893; x_wconf 90' lang='lat' dir='ltr'><strong>tamen</strong></span> <span class='ocrx_word' id='word_1_150' title='bbox 1223 1824 1534 1914; x_wconf 88' lang='lat' dir='ltr'><strong>postulate</strong></span> <span class='ocrx_word' id='word_1_151' title='bbox 1588 1825 1850 1892; x_wconf 90' lang='lat' dir='ltr'><strong>licencie</strong></span> <span class='ocrx_word' id='word_1_152' title='bbox 1907 1823 2225 1892; x_wconf 88' lang='lat' dir='ltr'><strong>claudicat.</strong></span> <span class='ocrx_word' id='word_1_153' title='bbox 2317 1824 2486 1892; x_wconf 91' lang='lat' dir='ltr'><strong>Nam</strong></span> <span class='ocrx_word' id='word_1_154' title='bbox 2548 1760 2928 1893; x_wconf 78' lang='lat' dir='ltr'><strong>medicinam</strong></span> 
     </span>
     <span class='ocr_line' id='line_1_18' title="bbox 404 1911 2928 2002; baseline 0 -23"><span class='ocrx_word' id='word_1_155' title='bbox 404 1912 801 2002; x_wconf 85' lang='lat' dir='ltr'><strong>corporalem</strong></span> <span class='ocrx_word' id='word_1_156' title='bbox 861 1915 1119 2002; x_wconf 90' lang='lat' dir='ltr'><strong>queritis</strong></span> <span class='ocrx_word' id='word_1_157' title='bbox 1177 1926 1238 1981; x_wconf 93' lang='lat' dir='ltr'><strong>et</strong></span> <span class='ocrx_word' id='word_1_158' title='bbox 1305 1915 1637 1981; x_wconf 88' lang='lat' dir='ltr'><strong>sanitatem</strong></span> <span class='ocrx_word' id='word_1_159' title='bbox 1697 1939 1726 1980; x_wconf 93' lang='lat' dir='ltr'><strong>s</strong></span> <span class='ocrx_word' id='word_1_160' title='bbox 1773 1914 1949 1981; x_wconf 88' lang='lat' dir='ltr'><strong>iritus</strong></span> <span class='ocrx_word' id='word_1_161' title='bbox 2005 1911 2319 2001; x_wconf 79' lang='lat' dir='ltr'><strong>ablegatis,</strong></span> <span class='ocrx_word' id='word_1_162' title='bbox 2424 1912 2928 1981; x_wconf 89' lang='lat' dir='ltr'><strong>Subsannatione</strong></span> 
     </span>
     <span class='ocr_line' id='line_1_19' title="bbox 402 2000 2928 2083; baseline 0 -16"><span class='ocrx_word' id='word_1_163' title='bbox 402 2001 791 2069; x_wconf 85' lang='lat' dir='ltr'><strong>subsannent</strong></span> <span class='ocrx_word' id='word_1_164' title='bbox 823 2003 1161 2083; x_wconf 86' lang='lat' dir='ltr'><strong>christiani,</strong></span> <span class='ocrx_word' id='word_1_165' title='bbox 1193 2000 1524 2069; x_wconf 91' lang='lat' dir='ltr'><strong>frendeant</strong></span> <span class='ocrx_word' id='word_1_166' title='bbox 1556 2000 1730 2069; x_wconf 90' lang='lat' dir='ltr'><strong>denti</strong></span> <span class='ocrx_word' id='word_1_167' title='bbox 1776 2025 1848 2068; x_wconf 91' lang='lat' dir='ltr'><strong>us</strong></span> <span class='ocrx_word' id='word_1_168' title='bbox 1881 2002 2076 2067; x_wconf 91' lang='lat' dir='ltr'><strong>sancti</strong></span> <span class='ocrx_word' id='word_1_169' title='bbox 2097 2002 2222 2067; x_wconf 92' lang='lat' dir='ltr'><strong>Dei</strong></span> <span class='ocrx_word' id='word_1_170' title='bbox 2253 2000 2561 2067; x_wconf 89' lang='lat' dir='ltr'><strong>dicentes:</strong></span> <span class='ocrx_word' id='word_1_171' title='bbox 2595 2002 2928 2069; x_wconf 89' lang='lat' dir='ltr'><strong>Memento</strong></span> 
     </span>
     <span class='ocr_line' id='line_1_20' title="bbox 401 2087 2929 2176; baseline 0 -20"><span class='ocrx_word' id='word_1_172' title='bbox 401 2100 464 2156; x_wconf 90' lang='lat' dir='ltr'><strong>te</strong></span> <span class='ocrx_word' id='word_1_173' title='bbox 512 2113 650 2157; x_wconf 89' lang='lat' dir='ltr'><strong>esse</strong></span> <span class='ocrx_word' id='word_1_174' title='bbox 695 2090 1115 2171; x_wconf 90' lang='lat' dir='ltr'><strong>monachum,</strong></span> <span class='ocrx_word' id='word_1_175' title='bbox 1173 2113 1308 2156; x_wconf 91' lang='lat' dir='ltr'><strong>non</strong></span> <span class='ocrx_word' id='word_1_176' title='bbox 1354 2088 1707 2172; x_wconf 89' lang='lat' dir='ltr'><strong>medicum,</strong></span> <span class='ocrx_word' id='word_1_177' title='bbox 1768 2087 2162 2156; x_wconf 89' lang='lat' dir='ltr'><strong>redditurum</strong></span> <span class='ocrx_word' id='word_1_178' title='bbox 2208 2090 2554 2171; x_wconf 89' lang='lat' dir='ltr'><strong>rationem,</strong></span> <span class='ocrx_word' id='word_1_179' title='bbox 2612 2112 2729 2176; x_wconf 92' lang='lat' dir='ltr'><strong>pro</strong></span> <span class='ocrx_word' id='word_1_180' title='bbox 2778 2112 2929 2156; x_wconf 89' lang='lat' dir='ltr'><strong>con-</strong></span> 
     </span>
     <span class='ocr_line' id='line_1_21' title="bbox 402 2175 2928 2266; baseline 0 -22"><span class='ocrx_word' id='word_1_181' title='bbox 402 2179 760 2245; x_wconf 88' lang='lat' dir='ltr'><strong>versatione</strong></span> <span class='ocrx_word' id='word_1_182' title='bbox 807 2201 940 2244; x_wconf 93' lang='lat' dir='ltr'><strong>non</strong></span> <span class='ocrx_word' id='word_1_183' title='bbox 988 2201 1106 2266; x_wconf 91' lang='lat' dir='ltr'><strong>pro</strong></span> <span class='ocrx_word' id='word_1_184' title='bbox 1154 2177 1630 2265; x_wconf 84' lang='lat' dir='ltr'><strong>complexione!</strong></span> <span class='ocrx_word' id='word_1_185' title='bbox 1722 2176 1934 2243; x_wconf 90' lang='lat' dir='ltr'><strong>Puella</strong></span> <span class='ocrx_word' id='word_1_186' title='bbox 1980 2195 2231 2258; x_wconf 91' lang='lat' dir='ltr'><strong>tenera,</strong></span> <span class='ocrx_word' id='word_1_187' title='bbox 2290 2175 2578 2259; x_wconf 91' lang='lat' dir='ltr'><strong>delicata,</strong></span> <span class='ocrx_word' id='word_1_188' title='bbox 2630 2177 2928 2259; x_wconf 89' lang='lat' dir='ltr'><strong>mutilata,</strong></span> 
     </span>
     <span class='ocr_line' id='line_1_22' title="bbox 401 2264 2929 2355; baseline 0 -23"><span class='ocrx_word' id='word_1_189' title='bbox 401 2265 741 2345; x_wconf 88' lang='lat' dir='ltr'><strong>vulnerata,</strong></span> <span class='ocrx_word' id='word_1_190' title='bbox 791 2267 984 2333; x_wconf 89' lang='lat' dir='ltr'><strong>morti</strong></span> <span class='ocrx_word' id='word_1_191' title='bbox 1032 2265 1352 2355; x_wconf 88' lang='lat' dir='ltr'><strong>deputata:</strong></span> <span class='ocrx_word' id='word_1_192' title='bbox 1403 2264 1806 2347; x_wconf 89' lang='lat' dir='ltr'><strong>medicinam,</strong></span> <span class='ocrx_word' id='word_1_193' title='bbox 1854 2266 1918 2331; x_wconf 90' lang='lat' dir='ltr'><strong>in</strong></span> <span class='ocrx_word' id='word_1_194' title='bbox 1966 2266 2077 2347; x_wconf 90' lang='lat' dir='ltr'><strong>uit,</strong></span> <span class='ocrx_word' id='word_1_195' title='bbox 2125 2264 2436 2331; x_wconf 85' lang='lat' dir='ltr'><strong>carnalem</strong></span> <span class='ocrx_word' id='word_1_196' title='bbox 2479 2266 2732 2352; x_wconf 89' lang='lat' dir='ltr'><strong>corpori</strong></span> <span class='ocrx_word' id='word_1_197' title='bbox 2778 2288 2929 2332; x_wconf 89' lang='lat' dir='ltr'><strong>meo</strong></span> 
     </span>
     <span class='ocr_line' id='line_1_23' title="bbox 402 2351 2929 2441; baseline 0.001 -23"><span class='ocrx_word' id='word_1_198' title='bbox 402 2376 723 2441; x_wconf 90' lang='lat' dir='ltr'><strong>nunquam</strong></span> <span class='ocrx_word' id='word_1_199' title='bbox 783 2353 1061 2436; x_wconf 83' lang='lat' dir='ltr'><strong>exhibui,</strong></span> <span class='ocrx_word' id='word_1_200' title='bbox 1123 2367 1218 2422; x_wconf 91' lang='lat' dir='ltr'><strong>set</strong></span> <span class='ocrx_word' id='word_1_201' title='bbox 1274 2353 1477 2421; x_wconf 89' lang='lat' dir='ltr'><strong>habeo</strong></span> <span class='ocrx_word' id='word_1_202' title='bbox 1526 2352 1863 2421; x_wconf 89' lang='lat' dir='ltr'><strong>dominum</strong></span> <span class='ocrx_word' id='word_1_203' title='bbox 1910 2353 1938 2419; x_wconf 96' lang='lat' dir='ltr'>I</span> <span class='ocrx_word' id='word_1_204' title='bbox 1985 2376 2164 2420; x_wconf 92' lang='lat' dir='ltr'><strong>esum</strong></span> <span class='ocrx_word' id='word_1_205' title='bbox 2214 2351 2569 2436; x_wconf 89' lang='lat' dir='ltr'><strong>Christum,</strong></span> <span class='ocrx_word' id='word_1_206' title='bbox 2626 2355 2733 2441; x_wconf 91' lang='lat' dir='ltr'><strong>qui</strong></span> <span class='ocrx_word' id='word_1_207' title='bbox 2787 2353 2929 2420; x_wconf 90' lang='lat' dir='ltr'><strong>solo</strong></span> 
     </span>
     <span class='ocr_line' id='line_1_24' title="bbox 405 2440 2931 2530; baseline 0.001 -24"><span class='ocrx_word' id='word_1_208' title='bbox 405 2464 703 2508; x_wconf 88' lang='lat' dir='ltr'><strong>sermone</strong></span> <span class='ocrx_word' id='word_1_209' title='bbox 733 2443 1002 2510; x_wconf 88' lang='lat' dir='ltr'><strong>restituit</strong></span> <span class='ocrx_word' id='word_1_210' title='bbox 1047 2445 1353 2509; x_wconf 89' lang='lat' dir='ltr'><strong>universa.</strong></span> <span class='ocrx_word' id='word_1_211' title='bbox 1426 2442 1581 2523; x_wconf 91' lang='lat' dir='ltr'><strong>Quo</strong></span> <span class='ocrx_word' id='word_1_212' title='bbox 1629 2440 1831 2508; x_wconf 93' lang='lat' dir='ltr'><strong>modo</strong></span> <span class='ocrx_word' id='word_1_213' title='bbox 1878 2452 2091 2508; x_wconf 90' lang='lat' dir='ltr'><strong>autem</strong></span> <span class='ocrx_word' id='word_1_214' title='bbox 2136 2442 2252 2507; x_wconf 92' lang='lat' dir='ltr'><strong>iuri</strong></span> <span class='ocrx_word' id='word_1_215' title='bbox 2298 2441 2542 2524; x_wconf 89' lang='lat' dir='ltr'><strong>militat,</strong></span> <span class='ocrx_word' id='word_1_216' title='bbox 2588 2440 2761 2530; x_wconf 91' lang='lat' dir='ltr'><strong>quod</strong></span> <span class='ocrx_word' id='word_1_217' title='bbox 2792 2465 2931 2530; x_wconf 88' lang='lat' dir='ltr'><strong>pre·</strong></span> 
     </span>
     <span class='ocr_line' id='line_1_25' title="bbox 405 2527 2929 2598; baseline 0.001 -4"><span class='ocrx_word' id='word_1_218' title='bbox 405 2531 671 2597; x_wconf 87' lang='lat' dir='ltr'><strong>sumitur</strong></span> <span class='ocrx_word' id='word_1_219' title='bbox 728 2543 947 2597; x_wconf 87' lang='lat' dir='ltr'><strong>contra</strong></span> <span class='ocrx_word' id='word_1_220' title='bbox 1011 2532 1178 2597; x_wconf 86' lang='lat' dir='ltr'><strong>iura?</strong></span> <span class='ocrx_word' id='word_1_221' title='bbox 1245 2584 1258 2598; x_wconf 90' lang='lat'><strong>.</strong></span> <span class='ocrx_word' id='word_1_222' title='bbox 1323 2584 1336 2596; x_wconf 91' lang='lat'><strong>.</strong></span> <span class='ocrx_word' id='word_1_223' title='bbox 1403 2584 1415 2596; x_wconf 95' lang='lat'><strong>.</strong></span> <span class='ocrx_word' id='word_1_224' title='bbox 1483 2530 1817 2597; x_wconf 87' lang='lat' dir='ltr'><strong>Contraria</strong></span> <span class='ocrx_word' id='word_1_225' title='bbox 1878 2583 1891 2595; x_wconf 91' lang='lat'><strong>.</strong></span> <span class='ocrx_word' id='word_1_226' title='bbox 1953 2582 1967 2596; x_wconf 95' lang='lat'><strong>.</strong></span> <span class='ocrx_word' id='word_1_227' title='bbox 2019 2582 2032 2596; x_wconf 90' lang='lat'><strong>.</strong></span> <span class='ocrx_word' id='word_1_228' title='bbox 2100 2528 2454 2596; x_wconf 90' lang='lat' dir='ltr'><strong>conditioni</strong></span> <span class='ocrx_word' id='word_1_229' title='bbox 2514 2527 2725 2597; x_wconf 90' lang='lat' dir='ltr'><strong>divine</strong></span> <span class='ocrx_word' id='word_1_230' title='bbox 2784 2549 2929 2597; x_wconf 89' lang='lat' dir='ltr'><strong>sunt</strong></span> 
     </span>
     <span class='ocr_line' id='line_1_26' title="bbox 404 2616 2930 2706; baseline 0.001 -22"><span class='ocrx_word' id='word_1_231' title='bbox 404 2637 698 2706; x_wconf 86' lang='lat' dir='ltr'><strong>precepta</strong></span> <span class='ocrx_word' id='word_1_232' title='bbox 744 2616 1077 2687; x_wconf 90' lang='lat' dir='ltr'><strong>medicine.</strong></span> <span class='ocrx_word' id='word_1_233' title='bbox 1170 2621 1228 2687; x_wconf 91' lang='lat' dir='ltr'><strong>A</strong></span> <span class='ocrx_word' id='word_1_234' title='bbox 1282 2619 1517 2687; x_wconf 90' lang='lat' dir='ltr'><strong>ieiunio</strong></span> <span class='ocrx_word' id='word_1_235' title='bbox 1564 2636 1897 2700; x_wconf 86' lang='lat' dir='ltr'><strong>revocant,</strong></span> <span class='ocrx_word' id='word_1_236' title='bbox 1956 2616 2279 2685; x_wconf 90' lang='lat' dir='ltr'><strong>lucubrare</strong></span> <span class='ocrx_word' id='word_1_237' title='bbox 2327 2641 2461 2685; x_wconf 91' lang='lat' dir='ltr'><strong>non</strong></span> <span class='ocrx_word' id='word_1_238' title='bbox 2506 2619 2738 2687; x_wconf 89' lang='lat' dir='ltr'><strong>sinunt.</strong></span> <span class='ocrx_word' id='word_1_239' title='bbox 2830 2618 2930 2686; x_wconf 90' lang='lat' dir='ltr'><strong>Ab</strong></span> 
     </span>
     <span class='ocr_line' id='line_1_27' title="bbox 405 2704 2930 2794; baseline 0.001 -22"><span class='ocrx_word' id='word_1_240' title='bbox 405 2708 583 2772; x_wconf 89' lang='lat' dir='ltr'><strong>omni</strong></span> <span class='ocrx_word' id='word_1_241' title='bbox 631 2708 985 2775; x_wconf 91' lang='lat' dir='ltr'><strong>intentione</strong></span> <span class='ocrx_word' id='word_1_242' title='bbox 1033 2707 1462 2775; x_wconf 90' lang='lat' dir='ltr'><strong>meditationis</strong></span> <span class='ocrx_word' id='word_1_243' title='bbox 1508 2706 1844 2774; x_wconf 90' lang='lat' dir='ltr'><strong>abducunt.</strong></span> <span class='ocrx_word' id='word_1_244' title='bbox 1915 2707 1991 2773; x_wconf 87' lang='lat' dir='ltr'><strong>Et</strong></span> <span class='ocrx_word' id='word_1_245' title='bbox 2037 2707 2144 2794; x_wconf 92' lang='lat' dir='ltr'><strong>qui</strong></span> <span class='ocrx_word' id='word_1_246' title='bbox 2190 2730 2259 2773; x_wconf 91' lang='lat' dir='ltr'><strong>se</strong></span> <span class='ocrx_word' id='word_1_247' title='bbox 2307 2704 2549 2775; x_wconf 88' lang='lat' dir='ltr'><strong>dederit</strong></span> <span class='ocrx_word' id='word_1_248' title='bbox 2594 2705 2930 2790; x_wconf 90' lang='lat' dir='ltr'><strong>medicine,</strong></span> 
     </span>
     <span class='ocr_line' id='line_1_28' title="bbox 403 2793 2929 2884; baseline 0 -24"><span class='ocrx_word' id='word_1_249' title='bbox 403 2818 470 2861; x_wconf 89' lang='lat' dir='ltr'><strong>se</strong></span> <span class='ocrx_word' id='word_1_250' title='bbox 520 2796 725 2883; x_wconf 89' lang='lat' dir='ltr'><strong>ipsum</strong></span> <span class='ocrx_word' id='word_1_251' title='bbox 775 2797 1172 2864; x_wconf 89' lang='lat' dir='ltr'><strong>convincitur</strong></span> <span class='ocrx_word' id='word_1_252' title='bbox 1229 2795 1558 2882; x_wconf 86' lang='lat' dir='ltr'><strong>abnegare.</strong></span> <span class='ocrx_word' id='word_1_253' title='bbox 1652 2793 1978 2862; x_wconf 91' lang='lat' dir='ltr'><strong>Manendo</strong></span> <span class='ocrx_word' id='word_1_254' title='bbox 2034 2795 2244 2884; x_wconf 92' lang='lat' dir='ltr'><strong>itaque</strong></span> <span class='ocrx_word' id='word_1_255' title='bbox 2298 2795 2365 2861; x_wconf 91' lang='lat' dir='ltr'><strong>in</strong></span> <span class='ocrx_word' id='word_1_256' title='bbox 2425 2793 2649 2862; x_wconf 90' lang='lat' dir='ltr'><strong>ordine</strong></span> <span class='ocrx_word' id='word_1_257' title='bbox 2694 2806 2929 2877; x_wconf 90' lang='lat' dir='ltr'><strong>vestro,</strong></span> 
     </span>
     <span class='ocr_line' id='line_1_29' title="bbox 402 2881 2929 2973; baseline 0.001 -25"><span class='ocrx_word' id='word_1_258' title='bbox 402 2884 454 2949; x_wconf 92' lang='lat' dir='ltr'><strong>si</strong></span> <span class='ocrx_word' id='word_1_259' title='bbox 515 2881 840 2971; x_wconf 85' lang='lat' dir='ltr'><strong>indigetis,</strong></span> <span class='ocrx_word' id='word_1_260' title='bbox 904 2883 1163 2952; x_wconf 89' lang='lat' dir='ltr'><strong>fratrum</strong></span> <span class='ocrx_word' id='word_1_261' title='bbox 1217 2886 1415 2973; x_wconf 82' lang='lat' dir='ltr'><strong>pietas</strong></span> <span class='ocrx_word' id='word_1_262' title='bbox 1475 2907 1608 2951; x_wconf 90' lang='lat' dir='ltr'><strong>non</strong></span> <span class='ocrx_word' id='word_1_263' title='bbox 1666 2881 1882 2951; x_wconf 89' lang='lat' dir='ltr'><strong>deerit.</strong></span> <span class='ocrx_word' id='word_1_264' title='bbox 1984 2883 2095 2950; x_wconf 87' lang='lat' dir='ltr'><strong>Sin</strong></span> <span class='ocrx_word' id='word_1_265' title='bbox 2153 2895 2366 2950; x_wconf 91' lang='lat' dir='ltr'><strong>autem</strong></span> <span class='ocrx_word' id='word_1_266' title='bbox 2421 2881 2499 2950; x_wconf 90' lang='lat' dir='ltr'><strong>ad</strong></span> <span class='ocrx_word' id='word_1_267' title='bbox 2555 2884 2929 2972; x_wconf 90' lang='lat' dir='ltr'><strong>opinionem</strong></span> 
     </span>
     <span class='ocr_line' id='line_1_30' title="bbox 401 2970 2928 3059; baseline 0.001 -22"><span class='ocrx_word' id='word_1_268' title='bbox 401 2972 614 3038; x_wconf 89' lang='lat' dir='ltr'><strong>vivere</strong></span> <span class='ocrx_word' id='word_1_269' title='bbox 668 2970 1068 3054; x_wconf 58' lang='lat' dir='ltr'><strong>decreverim,</strong></span> <span class='ocrx_word' id='word_1_270' title='bbox 1116 2973 1177 3038; x_wconf 92' lang='lat' dir='ltr'><strong>in</strong></span> <span class='ocrx_word' id='word_1_271' title='bbox 1227 2971 1545 3038; x_wconf 88' lang='lat' dir='ltr'><strong>infinitum</strong></span> <span class='ocrx_word' id='word_1_272' title='bbox 1593 2982 1946 3039; x_wconf 90' lang='lat' dir='ltr'><strong>succrescet</strong></span> <span class='ocrx_word' id='word_1_273' title='bbox 1992 2971 2252 3038; x_wconf 91' lang='lat' dir='ltr'><strong>ambitio</strong></span> <span class='ocrx_word' id='word_1_274' title='bbox 2302 2983 2365 3039; x_wconf 93' lang='lat' dir='ltr'><strong>et</strong></span> <span class='ocrx_word' id='word_1_275' title='bbox 2409 2972 2928 3059; x_wconf 89' lang='lat' dir='ltr'><strong>sanguisugarum</strong></span> 
     </span>
     <span class='ocr_line' id='line_1_31' title="bbox 403 3058 2927 3147; baseline 0.001 -24"><span class='ocrx_word' id='word_1_276' title='bbox 403 3081 538 3123; x_wconf 93' lang='lat' dir='ltr'><strong>non</strong></span> <span class='ocrx_word' id='word_1_277' title='bbox 585 3058 959 3146; x_wconf 90' lang='lat' dir='ltr'><strong>quietabitur</strong></span> <span class='ocrx_word' id='word_1_278' title='bbox 1004 3058 1334 3147; x_wconf 90' lang='lat' dir='ltr'><strong>appellatio</strong></span> <span class='ocrx_word' id='word_1_279' title='bbox 1383 3059 1758 3126; x_wconf 90' lang='lat' dir='ltr'><strong>dicentium:</strong></span> <span class='ocrx_word' id='word_1_280' title='bbox 1808 3058 2002 3141; x_wconf 89' lang='lat' dir='ltr'><strong>Affer,</strong></span> <span class='ocrx_word' id='word_1_281' title='bbox 2049 3058 2219 3125; x_wconf 89' lang='lat' dir='ltr'><strong>affer.</strong></span> <span class='ocrx_word' id='word_1_282' title='bbox 2314 3060 2453 3125; x_wconf 91' lang='lat' dir='ltr'><strong>Hiis</strong></span> <span class='ocrx_word' id='word_1_283' title='bbox 2500 3061 2818 3147; x_wconf 89' lang='lat' dir='ltr'><strong>congnitis</strong></span> <span class='ocrx_word' id='word_1_284' title='bbox 2863 3061 2927 3126; x_wconf 92' lang='lat' dir='ltr'><strong>in</strong></span> 
     </span>
     <span class='ocr_line' id='line_1_32' title="bbox 402 3144 2928 3236; baseline 0.002 -25"><span class='ocrx_word' id='word_1_285' title='bbox 402 3147 773 3227; x_wconf 90' lang='lat' dir='ltr'><strong>vocatione,</strong></span> <span class='ocrx_word' id='word_1_286' title='bbox 835 3169 955 3233; x_wconf 88' lang='lat' dir='ltr'><strong>qua</strong></span> <span class='ocrx_word' id='word_1_287' title='bbox 1000 3157 1260 3213; x_wconf 88' lang='lat' dir='ltr'><strong>vocatus</strong></span> <span class='ocrx_word' id='word_1_288' title='bbox 1310 3148 1487 3228; x_wconf 80' lang='lat' dir='ltr'><strong>estiS,</strong></span> <span class='ocrx_word' id='word_1_289' title='bbox 1538 3148 1982 3233; x_wconf 87' lang='lat' dir='ltr'><strong>perseveretis!</strong></span> <span class='ocrx_word' id='word_1_290' title='bbox 2075 3147 2152 3213; x_wconf 86' lang='lat' dir='ltr'><strong>Et</strong></span> <span class='ocrx_word' id='word_1_291' title='bbox 2197 3144 2370 3234; x_wconf 90' lang='lat' dir='ltr'><strong>quod</strong></span> <span class='ocrx_word' id='word_1_292' title='bbox 2416 3147 2639 3214; x_wconf 90' lang='lat' dir='ltr'><strong>scienti</strong></span> <span class='ocrx_word' id='word_1_293' title='bbox 2698 3146 2928 3236; x_wconf 90' lang='lat' dir='ltr'><strong>legem,</strong></span> 
     </span>
     <span class='ocr_line' id='line_1_33' title="bbox 404 3230 2927 3321; baseline 0.001 -23"><span class='ocrx_word' id='word_1_294' title='bbox 404 3230 580 3314; x_wconf 85' lang='lat' dir='ltr'><strong>dico,</strong></span> <span class='ocrx_word' id='word_1_295' title='bbox 641 3231 991 3320; x_wconf 90' lang='lat' dir='ltr'><strong>dampnosa</strong></span> <span class='ocrx_word' id='word_1_296' title='bbox 1035 3232 1193 3301; x_wconf 91' lang='lat' dir='ltr'><strong>fisco</strong></span> <span class='ocrx_word' id='word_1_297' title='bbox 1242 3253 1345 3301; x_wconf 92' lang='lat' dir='ltr'><strong>aut</strong></span> <span class='ocrx_word' id='word_1_298' title='bbox 1392 3235 1508 3300; x_wconf 91' lang='lat' dir='ltr'><strong>iuri</strong></span> <span class='ocrx_word' id='word_1_299' title='bbox 1557 3235 1871 3300; x_wconf 87' lang='lat' dir='ltr'><strong>contraria</strong></span> <span class='ocrx_word' id='word_1_300' title='bbox 1918 3256 2050 3300; x_wconf 92' lang='lat' dir='ltr'><strong>non</strong></span> <span class='ocrx_word' id='word_1_301' title='bbox 2097 3235 2348 3321; x_wconf 89' lang='lat' dir='ltr'><strong>petatis!</strong></span> <span class='ocrx_word' id='word_1_302' title='bbox 2441 3235 2580 3321; x_wconf 91' lang='lat' dir='ltr'><strong>Ego</strong></span> <span class='ocrx_word' id='word_1_303' title='bbox 2629 3236 2803 3302; x_wconf 89' lang='lat' dir='ltr'><strong>enim</strong></span> <span class='ocrx_word' id='word_1_304' title='bbox 2863 3237 2927 3301; x_wconf 94' lang='lat' dir='ltr'><strong>in</strong></span> 
     </span>
     <span class='ocr_line' id='line_1_34' title="bbox 402 3320 2687 3409; baseline 0.001 -23"><span class='ocrx_word' id='word_1_305' title='bbox 402 3345 620 3386; x_wconf 90' lang='lat' dir='ltr'><strong>meum</strong></span> <span class='ocrx_word' id='word_1_306' title='bbox 667 3321 1011 3408; x_wconf 90' lang='lat' dir='ltr'><strong>periculum</strong></span> <span class='ocrx_word' id='word_1_307' title='bbox 1061 3320 1206 3388; x_wconf 90' lang='lat' dir='ltr'><strong>dare</strong></span> <span class='ocrx_word' id='word_1_308' title='bbox 1251 3322 1432 3388; x_wconf 90' lang='lat' dir='ltr'><strong>vobis</strong></span> <span class='ocrx_word' id='word_1_309' title='bbox 1478 3320 1805 3388; x_wconf 91' lang='lat' dir='ltr'><strong>licenciam</strong></span> <span class='ocrx_word' id='word_1_310' title='bbox 1853 3343 1987 3387; x_wconf 92' lang='lat' dir='ltr'><strong>non</strong></span> <span class='ocrx_word' id='word_1_311' title='bbox 2034 3343 2350 3409; x_wconf 90' lang='lat' dir='ltr'><strong>propono.</strong></span> <span class='ocrx_word' id='word_1_312' title='bbox 2443 3321 2687 3389; x_wconf 89' lang='lat' dir='ltr'><strong>Valete.</strong></span> 
     </span>
    </p>
   </div>
   <div class='ocr_carea' id='block_1_3' title="bbox 401 3449 703 3455">
    <p class='ocr_par' dir='ltr' id='par_1_3' title="bbox 401 3449 703 3455">
     <span class='ocr_line' id='line_1_35' title="bbox 401 3449 703 3455; baseline 0 0"><span class='ocrx_word' id='word_1_313' title='bbox 401 3449 703 3455; x_wconf 95' lang='lat' dir='ltr'><strong> </strong></span> 
     </span>
    </p>
   </div>
   <div class='ocr_carea' id='block_1_4' title="bbox 706 3449 1032 3457">
    <p class='ocr_par' dir='ltr' id='par_1_4' title="bbox 706 3449 1032 3457">
     <span class='ocr_line' id='line_1_36' title="bbox 706 3449 1032 3457; baseline 0 0"><span class='ocrx_word' id='word_1_314' title='bbox 706 3449 1032 3457; x_wconf 95' lang='lat' dir='ltr'><strong> </strong></span> 
     </span>
    </p>
   </div>
   <div class='ocr_carea' id='block_1_5' title="bbox 402 3494 2927 3656">
    <p class='ocr_par' dir='ltr' id='par_1_5' title="bbox 402 3494 2927 3656">
     <span class='ocr_line' id='line_1_37' title="bbox 615 3494 2927 3568; baseline 0.002 -20"><span class='ocrx_word' id='word_1_315' title='bbox 615 3494 726 3549; x_wconf 90' lang='lat' dir='ltr'><strong>Fol.</strong></span> <span class='ocrx_word' id='word_1_316' title='bbox 773 3512 884 3568; x_wconf 88' lang='lat'><strong>190.</strong></span> <span class='ocrx_word' id='word_1_317' title='bbox 940 3496 1051 3550; x_wconf 88' lang='lat' dir='ltr'><strong>Das</strong></span> <span class='ocrx_word' id='word_1_318' title='bbox 1089 3497 1330 3550; x_wconf 86' lang='lat' dir='ltr'><strong>Studium</strong></span> <span class='ocrx_word' id='word_1_319' title='bbox 1369 3496 1460 3550; x_wconf 88' lang='lat' dir='ltr'><strong>der</strong></span> <span class='ocrx_word' id='word_1_320' title='bbox 1496 3496 1725 3550; x_wconf 88' lang='lat' dir='ltr'><strong>Medizin</strong></span> <span class='ocrx_word' id='word_1_321' title='bbox 1764 3496 1945 3550; x_wconf 87' lang='lat' dir='ltr'><strong>wurde</strong></span> <span class='ocrx_word' id='word_1_322' title='bbox 1984 3497 2086 3550; x_wconf 87' lang='lat' dir='ltr'><strong>den</strong></span> <span class='ocrx_word' id='word_1_323' title='bbox 2112 3496 2346 3550; x_wconf 70' lang='lat' dir='ltr'><strong>Brudern</strong></span> <span class='ocrx_word' id='word_1_324' title='bbox 2385 3497 2643 3552; x_wconf 89' lang='lat' dir='ltr'><strong>verboten</strong></span> <span class='ocrx_word' id='word_1_325' title='bbox 2679 3498 2775 3553; x_wconf 86' lang='lat' dir='ltr'><strong>auf</strong></span> <span class='ocrx_word' id='word_1_326' title='bbox 2804 3498 2927 3554; x_wconf 90' lang='lat' dir='ltr'><strong>dem</strong></span> 
     </span>
     <span class='ocr_line' id='line_1_38' title="bbox 402 3584 2121 3656; baseline -0.001 -18"><span class='ocrx_word' id='word_1_327' title='bbox 402 3584 829 3656; x_wconf 86' lang='lat' dir='ltr'><strong>Generalkapitel</strong></span> <span class='ocrx_word' id='word_1_328' title='bbox 869 3586 921 3638; x_wconf 90' lang='lat' dir='ltr'><strong>in</strong></span> <span class='ocrx_word' id='word_1_329' title='bbox 959 3585 1090 3639; x_wconf 89' lang='lat' dir='ltr'><strong>Lille</strong></span> <span class='ocrx_word' id='word_1_330' title='bbox 1135 3600 1283 3656; x_wconf 87' lang='lat'><strong>1293.</strong></span> <span class='ocrx_word' id='word_1_331' title='bbox 1360 3584 1617 3639; x_wconf 88' lang='lat' dir='ltr'><strong>Thesaur.</strong></span> <span class='ocrx_word' id='word_1_332' title='bbox 1659 3585 1799 3639; x_wconf 89' lang='lat' dir='ltr'><strong>Nov.</strong></span> <span class='ocrx_word' id='word_1_333' title='bbox 1841 3585 1929 3651; x_wconf 92' lang='lat' dir='ltr'><strong>IV,</strong></span> <span class='ocrx_word' id='word_1_334' title='bbox 1973 3586 2121 3653; x_wconf 84' lang='lat'><strong>1853.</strong></span> 
     </span>
    </p>
   </div>
   <div class='ocr_carea' id='block_1_6' title="bbox 1602 3722 1737 3793">
    <p class='ocr_par' dir='ltr' id='par_1_6' title="bbox 1602 3722 1737 3793">
     <span class='ocr_line' id='line_1_39' title="bbox 1602 3722 1737 3793; baseline -0.007 -1"><span class='ocrx_word' id='word_1_335' title='bbox 1602 3722 1737 3793; x_wconf 85' lang='lat'><strong>154.</strong></span> 
     </span>
    </p>
   </div>
   <div class='ocr_carea' id='block_1_7' title="bbox 397 3831 2928 4011">
    <p class='ocr_par' dir='ltr' id='par_1_7' title="bbox 397 3831 2928 4011">
     <span class='ocr_line' id='line_1_40' title="bbox 611 3831 2928 3921; baseline 0 -22"><span class='ocrx_word' id='word_1_336' title='bbox 611 3834 751 3899; x_wconf 85' lang='lat' dir='ltr'><strong>Das</strong></span> <span class='ocrx_word' id='word_1_337' title='bbox 773 3833 906 3899; x_wconf 82' lang='lat' dir='ltr'><strong>dem</strong></span> <span class='ocrx_word' id='word_1_338' title='bbox 927 3832 1554 3900; x_wconf 80' lang='lat' dir='ltr'><strong>Dominikanerorden</strong></span> <span class='ocrx_word' id='word_1_339' title='bbox 1587 3831 2011 3920; x_wconf 83' lang='lat' dir='ltr'><strong>inkorporierte</strong></span> <span class='ocrx_word' id='word_1_340' title='bbox 2030 3833 2268 3899; x_wconf 85' lang='lat' dir='ltr'><strong>Kloster</strong></span> <span class='ocrx_word' id='word_1_341' title='bbox 2292 3833 2592 3921; x_wconf 80' lang='lat' dir='ltr'><strong>Neu-burg</strong></span> <span class='ocrx_word' id='word_1_342' title='bbox 2615 3832 2928 3921; x_wconf 82' lang='lat' dir='ltr'><strong>appelliert</strong></span> 
     </span>
     <span class='ocr_line' id='line_1_41' title="bbox 397 3918 2925 4011; baseline 0.001 -27"><span class='ocrx_word' id='word_1_343' title='bbox 397 3943 587 4006; x_wconf 78' lang='lat' dir='ltr'><strong>gegen</strong></span> <span class='ocrx_word' id='word_1_344' title='bbox 618 3920 712 3986; x_wconf 80' lang='lat' dir='ltr'><strong>die</strong></span> <span class='ocrx_word' id='word_1_345' title='bbox 741 3919 1375 4007; x_wconf 75' lang='lat' dir='ltr'><strong>Gewaltthlitigkeiten</strong></span> <span class='ocrx_word' id='word_1_346' title='bbox 1415 3920 1514 3986; x_wconf 85' lang='lat' dir='ltr'><strong>des</strong></span> <span class='ocrx_word' id='word_1_347' title='bbox 1547 3920 1823 4008; x_wconf 84' lang='lat' dir='ltr'><strong>Bischofs</strong></span> <span class='ocrx_word' id='word_1_348' title='bbox 1847 3918 2151 4010; x_wconf 84' lang='lat' dir='ltr'><strong>(Emicho)</strong></span> <span class='ocrx_word' id='word_1_349' title='bbox 2184 3944 2302 3986; x_wconf 86' lang='lat' dir='ltr'><strong>von</strong></span> <span class='ocrx_word' id='word_1_350' title='bbox 2342 3920 2430 3984; x_wconf 91' lang='lat' dir='ltr'><em>W</em></span> <span class='ocrx_word' id='word_1_351' title='bbox 2424 3943 2600 3987; x_wconf 86' lang='lat' dir='ltr'><strong>orms.</strong></span> <span class='ocrx_word' id='word_1_352' title='bbox 2673 3918 2783 4009; x_wconf 80' lang='lat'><strong>(12</strong></span> <span class='ocrx_word' id='word_1_353' title='bbox 2787 3919 2925 4011; x_wconf 85' lang='lat'><strong>94.)</strong></span> 
     </span>
    </p>
   </div>
   <div class='ocr_carea' id='block_1_8' title="bbox 398 4025 2927 4731">
    <p class='ocr_par' dir='ltr' id='par_1_8' title="bbox 398 4025 2927 4731">
     <span class='ocr_line' id='line_1_42' title="bbox 611 4025 2924 4113; baseline 0.002 -24"><span class='ocrx_word' id='word_1_354' title='bbox 611 4025 841 4091; x_wconf 89' lang='lat' dir='ltr'><strong>Forma</strong></span> <span class='ocrx_word' id='word_1_355' title='bbox 871 4025 1324 4112; x_wconf 80' lang='lat' dir='ltr'><strong>appellationis,</strong></span> <span class='ocrx_word' id='word_1_356' title='bbox 1396 4025 1567 4106; x_wconf 88' lang='lat' dir='ltr'><strong>Quia</strong></span> <span class='ocrx_word' id='word_1_357' title='bbox 1596 4048 1735 4106; x_wconf 68' lang='grc' dir='ltr'><strong>νος,</strong></span> <span class='ocrx_word' id='word_1_358' title='bbox 1785 4025 2046 4092; x_wconf 90' lang='lat' dir='ltr'><strong>domine</strong></span> <span class='ocrx_word' id='word_1_359' title='bbox 2072 4027 2573 4093; x_wconf 90' lang='lat' dir='ltr'><strong>Wormaciensis</strong></span> <span class='ocrx_word' id='word_1_360' title='bbox 2607 4027 2924 4113; x_wconf 88' lang='lat' dir='ltr'><strong>episcope,</strong></span> 
     </span>
     <span class='ocr_line' id='line_1_43' title="bbox 401 4111 2927 4181; baseline 0.001 -4"><span class='ocrx_word' id='word_1_361' title='bbox 401 4124 622 4179; x_wconf 92' lang='lat' dir='ltr'><strong>contra</strong></span> <span class='ocrx_word' id='word_1_362' title='bbox 668 4111 1138 4180; x_wconf 88' lang='lat' dir='ltr'><strong>ordinationem</strong></span> <span class='ocrx_word' id='word_1_363' title='bbox 1185 4124 1249 4180; x_wconf 90' lang='lat' dir='ltr'><strong>et</strong></span> <span class='ocrx_word' id='word_1_364' title='bbox 1294 4112 1661 4180; x_wconf 90' lang='lat' dir='ltr'><strong>mandatum</strong></span> <span class='ocrx_word' id='word_1_365' title='bbox 1694 4113 2064 4180; x_wconf 89' lang='lat' dir='ltr'><strong>venerabilis</strong></span> <span class='ocrx_word' id='word_1_366' title='bbox 2097 4112 2343 4180; x_wconf 91' lang='lat' dir='ltr'><strong>domini</strong></span> <span class='ocrx_word' id='word_1_367' title='bbox 2386 4114 2686 4181; x_wconf 87' lang='lat' dir='ltr'><strong>Iohannis</strong></span> <span class='ocrx_word' id='word_1_368' title='bbox 2719 4112 2927 4180; x_wconf 88' lang='lat' dir='ltr'><strong>Thus-</strong></span> 
     </span>
     <span class='ocr_line' id='line_1_44' title="bbox 401 4199 2923 4290; baseline 0 -24"><span class='ocrx_word' id='word_1_369' title='bbox 401 4199 625 4283; x_wconf 88' lang='lat' dir='ltr'><strong>culani,</strong></span> <span class='ocrx_word' id='word_1_370' title='bbox 673 4200 997 4288; x_wconf 88' lang='lat' dir='ltr'><strong>quondam</strong></span> <span class='ocrx_word' id='word_1_371' title='bbox 1029 4201 1375 4290; x_wconf 88' lang='lat' dir='ltr'><strong>apostolice</strong></span> <span class='ocrx_word' id='word_1_372' title='bbox 1409 4200 1574 4268; x_wconf 88' lang='lat' dir='ltr'><strong>sedis</strong></span> <span class='ocrx_word' id='word_1_373' title='bbox 1613 4201 1822 4289; x_wconf 89' lang='lat' dir='ltr'><strong>legati,</strong></span> <span class='ocrx_word' id='word_1_374' title='bbox 1872 4201 1951 4268; x_wconf 92' lang='lat' dir='ltr'><strong>de</strong></span> <span class='ocrx_word' id='word_1_375' title='bbox 1985 4201 2168 4268; x_wconf 89' lang='lat' dir='ltr'><strong>nobis</strong></span> <span class='ocrx_word' id='word_1_376' title='bbox 2216 4221 2280 4269; x_wconf 91' lang='lat' dir='ltr'><strong>et</strong></span> <span class='ocrx_word' id='word_1_377' title='bbox 2311 4224 2427 4289; x_wconf 90' lang='lat' dir='ltr'><strong>pro</strong></span> <span class='ocrx_word' id='word_1_378' title='bbox 2475 4201 2660 4268; x_wconf 90' lang='lat' dir='ltr'><strong>nobis</strong></span> <span class='ocrx_word' id='word_1_379' title='bbox 2691 4200 2923 4268; x_wconf 86' lang='lat' dir='ltr'><strong>factum</strong></span> 
     </span>
     <span class='ocr_line' id='line_1_45' title="bbox 402 4288 2925 4378; baseline 0.002 -25"><span class='ocrx_word' id='word_1_380' title='bbox 402 4288 584 4354; x_wconf 90' lang='lat' dir='ltr'><strong>nobis</strong></span> <span class='ocrx_word' id='word_1_381' title='bbox 646 4311 785 4356; x_wconf 89' lang='lat' dir='ltr'><strong>esse</strong></span> <span class='ocrx_word' id='word_1_382' title='bbox 843 4289 1150 4356; x_wconf 91' lang='lat' dir='ltr'><strong>molestus</strong></span> <span class='ocrx_word' id='word_1_383' title='bbox 1221 4312 1353 4355; x_wconf 92' lang='lat' dir='ltr'><strong>non</strong></span> <span class='ocrx_word' id='word_1_384' title='bbox 1412 4288 1723 4371; x_wconf 79' lang='lat' dir='ltr'><strong>desinitiS,</strong></span> <span class='ocrx_word' id='word_1_385' title='bbox 1794 4301 1856 4355; x_wconf 89' lang='lat' dir='ltr'><strong>et</strong></span> <span class='ocrx_word' id='word_1_386' title='bbox 1915 4291 2342 4378; x_wconf 89' lang='lat' dir='ltr'><strong>gratissimum</strong></span> <span class='ocrx_word' id='word_1_387' title='bbox 2409 4301 2472 4357; x_wconf 91' lang='lat' dir='ltr'><strong>et</strong></span> <span class='ocrx_word' id='word_1_388' title='bbox 2540 4288 2925 4364; x_wconf 83' lang='lat' dir='ltr'><strong>salutiferum</strong></span> 
     </span>
     <span class='ocr_line' id='line_1_46' title="bbox 399 4376 2927 4465; baseline 0.001 -23"><span class='ocrx_word' id='word_1_389' title='bbox 399 4378 709 4463; x_wconf 84' lang='lat' dir='ltr'><strong>regimen,</strong></span> <span class='ocrx_word' id='word_1_390' title='bbox 757 4377 931 4465; x_wconf 92' lang='lat' dir='ltr'><strong>quod</strong></span> <span class='ocrx_word' id='word_1_391' title='bbox 971 4376 1046 4443; x_wconf 86' lang='lat' dir='ltr'><strong>ab</strong></span> <span class='ocrx_word' id='word_1_392' title='bbox 1079 4377 1303 4444; x_wconf 90' lang='lat' dir='ltr'><strong>ordine</strong></span> <span class='ocrx_word' id='word_1_393' title='bbox 1335 4376 1591 4443; x_wconf 86' lang='lat' dir='ltr'><strong>fratrum</strong></span> <span class='ocrx_word' id='word_1_394' title='bbox 1626 4376 2101 4444; x_wconf 88' lang='lat' dir='ltr'><strong>Predicatorum</strong></span> <span class='ocrx_word' id='word_1_395' title='bbox 2133 4378 2318 4444; x_wconf 89' lang='lat' dir='ltr'><strong>nobis</strong></span> <span class='ocrx_word' id='word_1_396' title='bbox 2350 4378 2676 4465; x_wconf 90' lang='lat' dir='ltr'><strong>competit,</strong></span> <span class='ocrx_word' id='word_1_397' title='bbox 2720 4377 2927 4445; x_wconf 90' lang='lat' dir='ltr'><strong>multi·</strong></span> 
     </span>
     <span class='ocr_line' id='line_1_47' title="bbox 398 4463 2925 4553; baseline 0 -23"><span class='ocrx_word' id='word_1_398' title='bbox 398 4464 640 4550; x_wconf 90' lang='lat' dir='ltr'><strong>pliciter</strong></span> <span class='ocrx_word' id='word_1_399' title='bbox 671 4463 986 4553; x_wconf 85' lang='lat' dir='ltr'><strong>inpeditis,</strong></span> <span class='ocrx_word' id='word_1_400' title='bbox 1035 4483 1387 4532; x_wconf 85' lang='lat' dir='ltr'><strong>memorate</strong></span> <span class='ocrx_word' id='word_1_401' title='bbox 1420 4464 1585 4532; x_wconf 91' lang='lat' dir='ltr'><strong>sedis</strong></span> <span class='ocrx_word' id='word_1_402' title='bbox 1631 4464 1975 4552; x_wconf 90' lang='lat' dir='ltr'><strong>presidium</strong></span> <span class='ocrx_word' id='word_1_403' title='bbox 2027 4478 2090 4533; x_wconf 93' lang='lat' dir='ltr'><strong>et</strong></span> <span class='ocrx_word' id='word_1_404' title='bbox 2134 4465 2395 4553; x_wconf 89' lang='lat' dir='ltr'><strong>predicti</strong></span> <span class='ocrx_word' id='word_1_405' title='bbox 2429 4465 2675 4532; x_wconf 92' lang='lat' dir='ltr'><strong>domini</strong></span> <span class='ocrx_word' id='word_1_406' title='bbox 2711 4465 2925 4532; x_wconf 90' lang='lat' dir='ltr'><strong>suffra-</strong></span> 
     </span>
     <span class='ocr_line' id='line_1_48' title="bbox 398 4551 2923 4640; baseline 0.001 -23"><span class='ocrx_word' id='word_1_407' title='bbox 398 4552 575 4637; x_wconf 89' lang='lat' dir='ltr'><strong>gium</strong></span> <span class='ocrx_word' id='word_1_408' title='bbox 620 4551 936 4619; x_wconf 89' lang='lat' dir='ltr'><strong>humiliter</strong></span> <span class='ocrx_word' id='word_1_409' title='bbox 982 4552 1392 4640; x_wconf 90' lang='lat' dir='ltr'><strong>imploramus</strong></span> <span class='ocrx_word' id='word_1_410' title='bbox 1439 4572 1503 4619; x_wconf 91' lang='lat' dir='ltr'><strong>et</strong></span> <span class='ocrx_word' id='word_1_411' title='bbox 1546 4554 1870 4620; x_wconf 89' lang='lat' dir='ltr'><strong>instanter.</strong></span> <span class='ocrx_word' id='word_1_412' title='bbox 1949 4553 2114 4634; x_wconf 86' lang='lat' dir='ltr'><strong>Quis</strong></span> <span class='ocrx_word' id='word_1_413' title='bbox 2161 4556 2336 4621; x_wconf 91' lang='lat' dir='ltr'><strong>enim</strong></span> <span class='ocrx_word' id='word_1_414' title='bbox 2380 4553 2743 4622; x_wconf 90' lang='lat' dir='ltr'><strong>mortalium</strong></span> <span class='ocrx_word' id='word_1_415' title='bbox 2790 4576 2923 4620; x_wconf 92' lang='lat' dir='ltr'><strong>non</strong></span> 
     </span>
     <span class='ocr_line' id='line_1_49' title="bbox 400 4637 2924 4731; baseline 0.001 -26"><span class='ocrx_word' id='word_1_416' title='bbox 400 4637 626 4720; x_wconf 90' lang='lat' dir='ltr'><strong>videat,</strong></span> <span class='ocrx_word' id='word_1_417' title='bbox 675 4641 814 4728; x_wconf 88' lang='lat' dir='ltr'><strong>quis</strong></span> <span class='ocrx_word' id='word_1_418' title='bbox 859 4642 941 4708; x_wconf 85' lang='lat' dir='ltr'><strong>ita</strong></span> <span class='ocrx_word' id='word_1_419' title='bbox 974 4664 1007 4706; x_wconf 89' lang='lat' dir='ltr'><strong>a</strong></span> <span class='ocrx_word' id='word_1_420' title='bbox 1038 4664 1192 4708; x_wconf 89' lang='lat' dir='ltr'><strong>vero</strong></span> <span class='ocrx_word' id='word_1_421' title='bbox 1240 4664 1492 4708; x_wconf 90' lang='lat' dir='ltr'><strong>aversus</strong></span> <span class='ocrx_word' id='word_1_422' title='bbox 1525 4665 1659 4708; x_wconf 92' lang='lat' dir='ltr'><strong>non</strong></span> <span class='ocrx_word' id='word_1_423' title='bbox 1706 4640 2181 4724; x_wconf 89' lang='lat' dir='ltr'><strong>animadvertat,</strong></span> <span class='ocrx_word' id='word_1_424' title='bbox 2231 4654 2536 4731; x_wconf 90' lang='lat' dir='ltr'><strong>quantum</strong></span> <span class='ocrx_word' id='word_1_425' title='bbox 2568 4643 2647 4709; x_wconf 92' lang='lat' dir='ltr'><strong>sit</strong></span> <span class='ocrx_word' id='word_1_426' title='bbox 2686 4640 2924 4711; x_wconf 89' lang='lat' dir='ltr'><strong>facinus</strong></span> 
     </span>
    </p>
   </div>
   <div class='ocr_carea' id='block_1_9' title="bbox 503 4761 2659 4813">
    <p class='ocr_par' dir='ltr' id='par_1_9' title="bbox 503 4761 2659 4813">
     <span class='ocr_line' id='line_1_50' title="bbox 503 4761 2659 4813; baseline 0.002 -10"><span class='ocrx_word' id='word_1_427' title='bbox 503 4761 567 4804; x_wconf 84' lang='lat' dir='ltr'><strong>Fi</strong></span> <span class='ocrx_word' id='word_1_428' title='bbox 580 4772 609 4803; x_wconf 86' lang='lat' dir='ltr'><strong>n</strong></span> <span class='ocrx_word' id='word_1_429' title='bbox 626 4761 658 4804; x_wconf 77' lang='lat' dir='ltr'><strong>k</strong></span> <span class='ocrx_word' id='word_1_430' title='bbox 674 4772 700 4804; x_wconf 83' lang='lat' dir='ltr'><strong>e</strong></span> <span class='ocrx_word' id='word_1_431' title='bbox 713 4792 724 4813; x_wconf 90' lang='lat'><strong>,</strong></span> <span class='ocrx_word' id='word_1_432' title='bbox 768 4761 959 4805; x_wconf 73' lang='lat' dir='ltr'><strong>Domini</strong></span> <span class='ocrx_word' id='word_1_433' title='bbox 968 4762 1291 4808; x_wconf 76' lang='lat' dir='ltr'><strong>kanerbriet&#39;e.</strong></span> <span class='ocrx_word' id='word_1_434' title='bbox 2613 4771 2659 4810; x_wconf 74' lang='grc' dir='ltr'><strong>ιι</strong></span> 
     </span>
    </p>
   </div>
  </div>
 </body>
</html>
