<?xml version="1.0" encoding="UTF-8"?>
<!DOCTYPE html PUBLIC "-//W3C//DTD XHTML 1.0 Transitional//EN"
    "http://www.w3.org/TR/xhtml1/DTD/xhtml1-transitional.dtd">
<html xmlns="http://www.w3.org/1999/xhtml" xml:lang="en" lang="en">
 <head>
  <title>
</title>
<meta http-equiv="Content-Type" content="text/html;charset=utf-8" />
  <meta name='ocr-system' content='tesseract 3.04.00' />
  <meta name='ocr-capabilities' content='ocr_page ocr_carea ocr_par ocr_line ocrx_word'/>
</head>
<body>
  <div class='ocr_page' id='page_1' title='image "./ungedrucktedomi01finkgoog_0148.png"; bbox 0 0 3505 5335; ppageno 0'>
   <div class='ocr_carea' id='block_1_1' title="bbox 584 323 3093 407">
    <p class='ocr_par' dir='ltr' id='par_1_1' title="bbox 584 323 3093 407">
     <span class='ocr_line' id='line_1_1' title="bbox 584 323 3093 407; baseline 0.002 -22"><span class='ocrx_word' id='word_1_1' title='bbox 584 342 607 385; x_wconf 85' lang='lat'>1</span> <span class='ocrx_word' id='word_1_2' title='bbox 623 323 700 404; x_wconf 77' lang='lat'><strong>36</strong></span> <span class='ocrx_word' id='word_1_3' title='bbox 1741 336 1931 391; x_wconf 83' lang='lat' dir='ltr'><strong>Briese.</strong></span> <span class='ocrx_word' id='word_1_4' title='bbox 2857 338 2902 407; x_wconf 93' lang='lat' dir='ltr'><strong>J.</strong></span> <span class='ocrx_word' id='word_1_5' title='bbox 2947 353 2965 389; x_wconf 93' lang='lat'>1</span> <span class='ocrx_word' id='word_1_6' title='bbox 2977 338 3093 407; x_wconf 88' lang='lat'>289.</span> 
     </span>
    </p>
   </div>
   <div class='ocr_carea' id='block_1_2' title="bbox 571 494 3099 1792">
    <p class='ocr_par' dir='ltr' id='par_1_2' title="bbox 571 494 3099 1792">
     <span class='ocr_line' id='line_1_2' title="bbox 572 494 3091 584; baseline 0.001 -25"><span class='ocrx_word' id='word_1_7' title='bbox 572 495 741 561; x_wconf 84' lang='lat' dir='ltr'><strong>iuxta</strong></span> <span class='ocrx_word' id='word_1_8' title='bbox 784 505 1076 561; x_wconf 90' lang='lat' dir='ltr'><strong>tenorem</strong></span> <span class='ocrx_word' id='word_1_9' title='bbox 1125 494 1431 582; x_wconf 88' lang='lat' dir='ltr'><strong>privilegii</strong></span> <span class='ocrx_word' id='word_1_10' title='bbox 1477 494 1829 582; x_wconf 88' lang='lat' dir='ltr'><strong>apostolici,</strong></span> <span class='ocrx_word' id='word_1_11' title='bbox 1876 494 2050 582; x_wconf 92' lang='lat' dir='ltr'><strong>quod</strong></span> <span class='ocrx_word' id='word_1_12' title='bbox 2138 496 2265 561; x_wconf 89' lang='lat' dir='ltr'><strong>rius</strong></span> <span class='ocrx_word' id='word_1_13' title='bbox 2312 495 2673 576; x_wconf 85' lang='lat' dir='ltr'><strong>habuerant,</strong></span> <span class='ocrx_word' id='word_1_14' title='bbox 2720 497 2870 584; x_wconf 90' lang='lat' dir='ltr'><strong>quin</strong></span> <span class='ocrx_word' id='word_1_15' title='bbox 2905 496 3091 563; x_wconf 88' lang='lat' dir='ltr'><strong>etiam</strong></span> 
     </span>
     <span class='ocr_line' id='line_1_3' title="bbox 571 518 3095 670; baseline 0 -22"><span class='ocrx_word' id='word_1_16' title='bbox 571 581 923 649; x_wconf 92' lang='lat' dir='ltr'><strong>secundum</strong></span> <span class='ocrx_word' id='word_1_17' title='bbox 979 583 1440 650; x_wconf 87' lang='lat' dir='ltr'><strong>continentiam</strong></span> <span class='ocrx_word' id='word_1_18' title='bbox 1495 583 1804 670; x_wconf 86' lang='lat' dir='ltr'><strong>privilegii</strong></span> <span class='ocrx_word' id='word_1_19' title='bbox 1861 518 2231 651; x_wconf 62' lang='lat' dir='ltr'><strong>venerabilis</strong></span> <span class='ocrx_word' id='word_1_20' title='bbox 2291 581 2536 649; x_wconf 92' lang='lat' dir='ltr'><strong>domini</strong></span> <span class='ocrx_word' id='word_1_21' title='bbox 2581 584 2883 650; x_wconf 89' lang='lat' dir='ltr'><strong>Iohannis</strong></span> <span class='ocrx_word' id='word_1_22' title='bbox 2929 583 3095 650; x_wconf 92' lang='lat' dir='ltr'><strong>Tus-</strong></span> 
     </span>
     <span class='ocr_line' id='line_1_4' title="bbox 574 669 3096 759; baseline -0 -23"><span class='ocrx_word' id='word_1_23' title='bbox 574 670 773 736; x_wconf 87' lang='lat' dir='ltr'><strong>culani</strong></span> <span class='ocrx_word' id='word_1_24' title='bbox 807 693 842 736; x_wconf 89' lang='lat' dir='ltr'><strong>e</strong></span> <span class='ocrx_word' id='word_1_25' title='bbox 887 671 1109 757; x_wconf 92' lang='lat' dir='ltr'><strong>iscopi‚</strong></span> <span class='ocrx_word' id='word_1_26' title='bbox 1157 669 1439 737; x_wconf 89' lang='lat' dir='ltr'><strong>eiusdem</strong></span> <span class='ocrx_word' id='word_1_27' title='bbox 1473 671 1637 738; x_wconf 89' lang='lat' dir='ltr'><strong>sedis</strong></span> <span class='ocrx_word' id='word_1_28' title='bbox 1668 694 1782 758; x_wconf 90' lang='lat' dir='ltr'><strong>per</strong></span> <span class='ocrx_word' id='word_1_29' title='bbox 1811 670 2256 737; x_wconf 89' lang='lat' dir='ltr'><strong>Alemanniam</strong></span> <span class='ocrx_word' id='word_1_30' title='bbox 2287 670 2494 758; x_wconf 88' lang='lat' dir='ltr'><strong>legati,</strong></span> <span class='ocrx_word' id='word_1_31' title='bbox 2543 670 2717 759; x_wconf 94' lang='lat' dir='ltr'><strong>quod</strong></span> <span class='ocrx_word' id='word_1_32' title='bbox 2753 671 3096 758; x_wconf 85' lang='lat' dir='ltr'><strong>probantur</strong></span> 
     </span>
     <span class='ocr_line' id='line_1_5' title="bbox 572 692 3093 847; baseline 0.001 -24"><span class='ocrx_word' id='word_1_33' title='bbox 572 692 989 845; x_wconf 49' lang='lat' dir='ltr'><strong>postmodum</strong></span> <span class='ocrx_word' id='word_1_34' title='bbox 1036 782 1181 824; x_wconf 91' lang='lat' dir='ltr'><strong>cum</strong></span> <span class='ocrx_word' id='word_1_35' title='bbox 1246 760 1468 826; x_wconf 90' lang='lat' dir='ltr'><strong>ceteris</strong></span> <span class='ocrx_word' id='word_1_36' title='bbox 1514 758 1670 826; x_wconf 93' lang='lat' dir='ltr'><strong>locis</strong></span> <span class='ocrx_word' id='word_1_37' title='bbox 1717 781 2017 825; x_wconf 91' lang='lat' dir='ltr'><strong>sororum</strong></span> <span class='ocrx_word' id='word_1_38' title='bbox 2063 760 2265 825; x_wconf 87' lang='lat' dir='ltr'><strong>nostri</strong></span> <span class='ocrx_word' id='word_1_39' title='bbox 2321 758 2561 825; x_wconf 88' lang='lat' dir='ltr'><strong>ordinis</strong></span> <span class='ocrx_word' id='word_1_40' title='bbox 2609 758 3093 847; x_wconf 88' lang='lat' dir='ltr'><strong>conseq(u)ute.</strong></span> 
     </span>
     <span class='ocr_line' id='line_1_6' title="bbox 573 845 3095 933; baseline 0 -22"><span class='ocrx_word' id='word_1_41' title='bbox 573 846 886 927; x_wconf 85' lang='lat' dir='ltr'><strong>Quamvis</strong></span> <span class='ocrx_word' id='word_1_42' title='bbox 934 847 1105 912; x_wconf 89' lang='lat' dir='ltr'><strong>enim</strong></span> <span class='ocrx_word' id='word_1_43' title='bbox 1163 869 1417 913; x_wconf 90' lang='lat' dir='ltr'><strong>sorores</strong></span> <span class='ocrx_word' id='word_1_44' title='bbox 1462 848 1768 933; x_wconf 87' lang='lat' dir='ltr'><strong>premisse</strong></span> <span class='ocrx_word' id='word_1_45' title='bbox 1829 846 1979 913; x_wconf 91' lang='lat' dir='ltr'><strong>olim</strong></span> <span class='ocrx_word' id='word_1_46' title='bbox 2046 846 2433 933; x_wconf 88' lang='lat' dir='ltr'><strong>prodeuntes</strong></span> <span class='ocrx_word' id='word_1_47' title='bbox 2495 845 2573 913; x_wconf 92' lang='lat' dir='ltr'><strong>de</strong></span> <span class='ocrx_word' id='word_1_48' title='bbox 2621 847 2827 914; x_wconf 90' lang='lat' dir='ltr'><strong>Cruce</strong></span> <span class='ocrx_word' id='word_1_49' title='bbox 2882 847 3095 913; x_wconf 91' lang='lat' dir='ltr'><strong>locum</strong></span> 
     </span>
     <span class='ocr_line' id='line_1_7' title="bbox 572 932 3094 1023; baseline 0.001 -25"><span class='ocrx_word' id='word_1_50' title='bbox 572 933 914 1000; x_wconf 89' lang='lat' dir='ltr'><strong>inhabitare</strong></span> <span class='ocrx_word' id='word_1_51' title='bbox 948 935 1248 1021; x_wconf 86' lang='lat' dir='ltr'><strong>ceperint,</strong></span> <span class='ocrx_word' id='word_1_52' title='bbox 1295 957 1487 1022; x_wconf 90' lang='lat' dir='ltr'><strong>quem</strong></span> <span class='ocrx_word' id='word_1_53' title='bbox 1524 958 1694 1001; x_wconf 90' lang='lat' dir='ltr'><strong>nunc</strong></span> <span class='ocrx_word' id='word_1_54' title='bbox 1726 946 1968 1016; x_wconf 91' lang='lat' dir='ltr'><strong>tenent,</strong></span> <span class='ocrx_word' id='word_1_55' title='bbox 2014 947 2229 1001; x_wconf 92' lang='lat' dir='ltr'><strong>tamen</strong></span> <span class='ocrx_word' id='word_1_56' title='bbox 2275 936 2423 1023; x_wconf 91' lang='lat' dir='ltr'><strong>ipsis</strong></span> <span class='ocrx_word' id='word_1_57' title='bbox 2457 932 2789 1022; x_wconf 86' lang='lat' dir='ltr'><strong>utrobique</strong></span> <span class='ocrx_word' id='word_1_58' title='bbox 2822 934 3094 1023; x_wconf 91' lang='lat' dir='ltr'><strong>presidet</strong></span> 
     </span>
     <span class='ocr_line' id='line_1_8' title="bbox 572 1020 3095 1111; baseline 0 -24"><span class='ocrx_word' id='word_1_59' title='bbox 572 1022 743 1108; x_wconf 90' lang='lat' dir='ltr'><strong>prior</strong></span> <span class='ocrx_word' id='word_1_60' title='bbox 789 1045 971 1088; x_wconf 79' lang='lat' dir='ltr'><strong>unus,</strong></span> <span class='ocrx_word' id='word_1_61' title='bbox 1049 1021 1268 1108; x_wconf 89' lang='lat' dir='ltr'><strong>Opilet</strong></span> <span class='ocrx_word' id='word_1_62' title='bbox 1314 1024 1502 1109; x_wconf 89' lang='lat' dir='ltr'><strong>igitur</strong></span> <span class='ocrx_word' id='word_1_63' title='bbox 1535 1046 1608 1089; x_wconf 91' lang='lat' dir='ltr'><strong>os</strong></span> <span class='ocrx_word' id='word_1_64' title='bbox 1654 1046 1841 1088; x_wconf 89' lang='lat' dir='ltr'><strong>suum</strong></span> <span class='ocrx_word' id='word_1_65' title='bbox 1886 1024 2208 1089; x_wconf 87' lang='lat' dir='ltr'><strong>temeritas</strong></span> <span class='ocrx_word' id='word_1_66' title='bbox 2241 1021 2584 1089; x_wconf 89' lang='lat' dir='ltr'><strong>dicentium</strong></span> <span class='ocrx_word' id='word_1_67' title='bbox 2661 1020 2811 1104; x_wconf 90' lang='lat' dir='ltr'><strong>uod,</strong></span> <span class='ocrx_word' id='word_1_68' title='bbox 2860 1046 2935 1089; x_wconf 84' lang='lat' dir='ltr'><strong>ex</strong></span> <span class='ocrx_word' id='word_1_69' title='bbox 2968 1046 3095 1111; x_wconf 92' lang='lat' dir='ltr'><strong>quo</strong></span> 
     </span>
     <span class='ocr_line' id='line_1_9' title="bbox 572 1045 3095 1211; baseline 0.001 -36"><span class='ocrx_word' id='word_1_70' title='bbox 572 1108 955 1197; x_wconf 87' lang='lat' dir='ltr'><strong>reliquerunt</strong></span> <span class='ocrx_word' id='word_1_71' title='bbox 985 1109 1221 1191; x_wconf 91' lang='lat' dir='ltr'><strong>locum,</strong></span> <span class='ocrx_word' id='word_1_72' title='bbox 1269 1132 1405 1177; x_wconf 92' lang='lat' dir='ltr'><strong>non</strong></span> <span class='ocrx_word' id='word_1_73' title='bbox 1436 1122 1728 1211; x_wconf 83' lang='lat' dir='ltr'><strong>sequatur</strong></span> <span class='ocrx_word' id='word_1_74' title='bbox 1771 1111 1934 1197; x_wconf 88' lang='lat' dir='ltr'><strong>ipsas</strong></span> <span class='ocrx_word' id='word_1_75' title='bbox 1966 1112 2135 1199; x_wconf 90' lang='lat' dir='ltr'><strong>prius</strong></span> <span class='ocrx_word' id='word_1_76' title='bbox 2170 1108 2450 1177; x_wconf 89' lang='lat' dir='ltr'><strong>habitum</strong></span> <span class='ocrx_word' id='word_1_77' title='bbox 2482 1045 2898 1198; x_wconf 54' lang='lat' dir='ltr'><strong>privflegium,</strong></span> <span class='ocrx_word' id='word_1_78' title='bbox 2947 1133 3095 1177; x_wconf 89' lang='lat' dir='ltr'><strong>nam</strong></span> 
     </span>
     <span class='ocr_line' id='line_1_10' title="bbox 572 1196 3098 1286; baseline 0.001 -24"><span class='ocrx_word' id='word_1_79' title='bbox 572 1197 750 1264; x_wconf 88' lang='lat' dir='ltr'><strong>realis</strong></span> <span class='ocrx_word' id='word_1_80' title='bbox 798 1199 999 1284; x_wconf 85' lang='lat' dir='ltr'><strong>magis</strong></span> <span class='ocrx_word' id='word_1_81' title='bbox 1047 1210 1141 1265; x_wconf 90' lang='lat' dir='ltr'><strong>est</strong></span> <span class='ocrx_word' id='word_1_82' title='bbox 1186 1197 1587 1285; x_wconf 78' lang='lat' dir='ltr'><strong>indulgencia</strong></span> <span class='ocrx_word' id='word_1_83' title='bbox 1632 1221 1822 1286; x_wconf 91' lang='lat' dir='ltr'><strong>quam</strong></span> <span class='ocrx_word' id='word_1_84' title='bbox 1867 1198 2081 1265; x_wconf 88' lang='lat' dir='ltr'><strong>localis</strong></span> <span class='ocrx_word' id='word_1_85' title='bbox 2130 1251 2144 1264; x_wconf 89' lang='lat'><strong>.</strong></span> <span class='ocrx_word' id='word_1_86' title='bbox 2197 1251 2209 1264; x_wconf 89' lang='lat'><strong>.</strong></span> <span class='ocrx_word' id='word_1_87' title='bbox 2263 1251 2275 1264; x_wconf 93' lang='lat'><strong>.</strong></span> <span class='ocrx_word' id='word_1_88' title='bbox 2326 1196 2606 1279; x_wconf 85' lang='lat' dir='ltr'><strong>Quando</strong></span> <span class='ocrx_word' id='word_1_89' title='bbox 2653 1196 2883 1264; x_wconf 91' lang='lat' dir='ltr'><strong>domus</strong></span> <span class='ocrx_word' id='word_1_90' title='bbox 2929 1221 3098 1264; x_wconf 89' lang='lat' dir='ltr'><strong>nova</strong></span> 
     </span>
     <span class='ocr_line' id='line_1_11' title="bbox 571 1284 3097 1373; baseline 0.001 -23"><span class='ocrx_word' id='word_1_91' title='bbox 571 1284 756 1353; x_wconf 85' lang='lat' dir='ltr'><strong>fuerit</strong></span> <span class='ocrx_word' id='word_1_92' title='bbox 801 1284 1163 1367; x_wconf 86' lang='lat' dir='ltr'><strong>statuenda,</strong></span> <span class='ocrx_word' id='word_1_93' title='bbox 1220 1298 1437 1353; x_wconf 90' lang='lat' dir='ltr'><strong>tamen</strong></span> <span class='ocrx_word' id='word_1_94' title='bbox 1497 1285 1659 1353; x_wconf 92' lang='lat' dir='ltr'><strong>ordo</strong></span> <span class='ocrx_word' id='word_1_95' title='bbox 1706 1288 1803 1353; x_wconf 87' lang='lat' dir='ltr'><strong>ius</strong></span> <span class='ocrx_word' id='word_1_96' title='bbox 1863 1310 2047 1352; x_wconf 90' lang='lat' dir='ltr'><strong>suum</strong></span> <span class='ocrx_word' id='word_1_97' title='bbox 2105 1286 2334 1353; x_wconf 89' lang='lat' dir='ltr'><strong>retinet</strong></span> <span class='ocrx_word' id='word_1_98' title='bbox 2390 1287 2456 1352; x_wconf 91' lang='lat' dir='ltr'><strong>in</strong></span> <span class='ocrx_word' id='word_1_99' title='bbox 2515 1285 2977 1373; x_wconf 88' lang='lat' dir='ltr'><strong>egredientibus</strong></span> <span class='ocrx_word' id='word_1_100' title='bbox 3036 1306 3097 1353; x_wconf 91' lang='lat' dir='ltr'><strong>et</strong></span> 
     </span>
     <span class='ocr_line' id='line_1_12' title="bbox 571 1373 3097 1461; baseline 0.001 -23"><span class='ocrx_word' id='word_1_101' title='bbox 571 1373 834 1440; x_wconf 87' lang='lat' dir='ltr'><strong>residuis</strong></span> <span class='ocrx_word' id='word_1_102' title='bbox 895 1375 1292 1440; x_wconf 88' lang='lat' dir='ltr'><strong>inconcusse.</strong></span> <span class='ocrx_word' id='word_1_103' title='bbox 1385 1376 1524 1442; x_wconf 92' lang='lat' dir='ltr'><strong>Nec</strong></span> <span class='ocrx_word' id='word_1_104' title='bbox 1581 1373 1810 1441; x_wconf 89' lang='lat' dir='ltr'><strong>desunt</strong></span> <span class='ocrx_word' id='word_1_105' title='bbox 1866 1374 2182 1461; x_wconf 86' lang='lat' dir='ltr'><strong>exempla,</strong></span> <span class='ocrx_word' id='word_1_106' title='bbox 2240 1398 2387 1440; x_wconf 89' lang='lat' dir='ltr'><strong>nam</strong></span> <span class='ocrx_word' id='word_1_107' title='bbox 2435 1397 2689 1440; x_wconf 89' lang='lat' dir='ltr'><strong>sorores</strong></span> <span class='ocrx_word' id='word_1_108' title='bbox 2738 1373 2816 1440; x_wconf 90' lang='lat' dir='ltr'><strong>de</strong></span> <span class='ocrx_word' id='word_1_109' title='bbox 2863 1374 3097 1440; x_wconf 87' lang='lat' dir='ltr'><strong>Sancto</strong></span> 
     </span>
     <span class='ocr_line' id='line_1_13' title="bbox 572 1460 3097 1549; baseline 0 -23"><span class='ocrx_word' id='word_1_110' title='bbox 572 1461 791 1527; x_wconf 89' lang='lat' dir='ltr'><strong>Marco</strong></span> <span class='ocrx_word' id='word_1_111' title='bbox 838 1462 902 1526; x_wconf 92' lang='lat' dir='ltr'><strong>in</strong></span> <span class='ocrx_word' id='word_1_112' title='bbox 952 1460 1279 1549; x_wconf 90' lang='lat' dir='ltr'><strong>Herbipoli</strong></span> <span class='ocrx_word' id='word_1_113' title='bbox 1324 1463 1742 1530; x_wconf 87' lang='lat' dir='ltr'><strong>transiverunt</strong></span> <span class='ocrx_word' id='word_1_114' title='bbox 1789 1464 1853 1528; x_wconf 90' lang='lat' dir='ltr'><strong>in</strong></span> <span class='ocrx_word' id='word_1_115' title='bbox 1902 1462 2287 1548; x_wconf 76' lang='lat' dir='ltr'><strong>Rotinburg,</strong></span> <span class='ocrx_word' id='word_1_116' title='bbox 2343 1485 2530 1549; x_wconf 90' lang='lat' dir='ltr'><strong>super</strong></span> <span class='ocrx_word' id='word_1_117' title='bbox 2576 1472 2909 1529; x_wconf 75' lang='lat' dir='ltr'><strong>coetaneas</strong></span> <span class='ocrx_word' id='word_1_118' title='bbox 2957 1485 3097 1528; x_wconf 85' lang='lat' dir='ltr'><strong>suas</strong></span> 
     </span>
     <span class='ocr_line' id='line_1_14' title="bbox 572 1548 3099 1638; baseline 0 -23"><span class='ocrx_word' id='word_1_119' title='bbox 572 1548 974 1635; x_wconf 90' lang='lat' dir='ltr'><strong>profecerunt</strong></span> <span class='ocrx_word' id='word_1_120' title='bbox 1031 1561 1093 1616; x_wconf 91' lang='lat' dir='ltr'><strong>et</strong></span> <span class='ocrx_word' id='word_1_121' title='bbox 1138 1561 1351 1616; x_wconf 89' lang='lat' dir='ltr'><strong>tamen</strong></span> <span class='ocrx_word' id='word_1_122' title='bbox 1413 1552 1596 1617; x_wconf 91' lang='lat' dir='ltr'><strong>novis</strong></span> <span class='ocrx_word' id='word_1_123' title='bbox 1653 1550 2239 1638; x_wconf 88' lang='lat' dir='ltr'><strong>supervenientibus</strong></span> <span class='ocrx_word' id='word_1_124' title='bbox 2301 1551 2565 1616; x_wconf 91' lang='lat' dir='ltr'><strong>minime</strong></span> <span class='ocrx_word' id='word_1_125' title='bbox 2620 1561 2833 1617; x_wconf 89' lang='lat' dir='ltr'><strong>vetera</strong></span> <span class='ocrx_word' id='word_1_126' title='bbox 2892 1551 3099 1637; x_wconf 92' lang='lat' dir='ltr'><strong>proie-</strong></span> 
     </span>
     <span class='ocr_line' id='line_1_15' title="bbox 575 1636 3097 1725; baseline 0 -23"><span class='ocrx_word' id='word_1_127' title='bbox 575 1649 812 1704; x_wconf 88' lang='lat' dir='ltr'><strong>cerunt.</strong></span> <span class='ocrx_word' id='word_1_128' title='bbox 904 1638 1138 1703; x_wconf 92' lang='lat' dir='ltr'><strong>Datum</strong></span> <span class='ocrx_word' id='word_1_129' title='bbox 1202 1638 1568 1725; x_wconf 90' lang='lat' dir='ltr'><strong>Ratispone.</strong></span> <span class='ocrx_word' id='word_1_130' title='bbox 1663 1638 1790 1705; x_wconf 90' lang='lat' dir='ltr'><strong>Sub</strong></span> <span class='ocrx_word' id='word_1_131' title='bbox 1853 1638 2040 1704; x_wconf 87' lang='lat' dir='ltr'><strong>simili</strong></span> <span class='ocrx_word' id='word_1_132' title='bbox 2103 1638 2308 1705; x_wconf 91' lang='lat' dir='ltr'><strong>forma</strong></span> <span class='ocrx_word' id='word_1_133' title='bbox 2365 1636 2503 1704; x_wconf 90' lang='lat' dir='ltr'><strong>data</strong></span> <span class='ocrx_word' id='word_1_134' title='bbox 2560 1649 2654 1704; x_wconf 92' lang='lat' dir='ltr'><strong>est</strong></span> <span class='ocrx_word' id='word_1_135' title='bbox 2716 1637 2919 1704; x_wconf 88' lang='lat' dir='ltr'><strong>littera</strong></span> <span class='ocrx_word' id='word_1_136' title='bbox 2976 1661 3097 1704; x_wconf 88' lang='lat' dir='ltr'><strong>una</strong></span> 
     </span>
     <span class='ocr_line' id='line_1_16' title="bbox 572 1724 1329 1792; baseline 0.004 -3"><span class='ocrx_word' id='word_1_137' title='bbox 572 1724 892 1792; x_wconf 90' lang='lat' dir='ltr'><strong>sororibus</strong></span> <span class='ocrx_word' id='word_1_138' title='bbox 942 1726 1329 1792; x_wconf 82' lang='lat' dir='ltr'><strong>memoratis,</strong></span> 
     </span>
    </p>
   </div>
   <div class='ocr_carea' id='block_1_3' title="bbox 573 1899 3097 2147">
    <p class='ocr_par' dir='ltr' id='par_1_3' title="bbox 573 1899 3097 2147">
     <span class='ocr_line' id='line_1_17' title="bbox 784 1899 3095 1972; baseline 0 -20"><span class='ocrx_word' id='word_1_139' title='bbox 784 1900 894 1954; x_wconf 88' lang='lat' dir='ltr'><strong>Fol.</strong></span> <span class='ocrx_word' id='word_1_140' title='bbox 938 1899 1038 1965; x_wconf 82' lang='lat'><strong>164</strong></span> <span class='ocrx_word' id='word_1_141' title='bbox 1054 1912 1104 1953; x_wconf 73' lang='lat' dir='ltr'><strong>v.</strong></span> <span class='ocrx_word' id='word_1_142' title='bbox 1180 1901 1290 1953; x_wconf 90' lang='lat' dir='ltr'><strong>Der</strong></span> <span class='ocrx_word' id='word_1_143' title='bbox 1327 1901 1543 1971; x_wconf 87' lang='lat' dir='ltr'><strong>Anfang</strong></span> <span class='ocrx_word' id='word_1_144' title='bbox 1581 1903 1646 1954; x_wconf 88' lang='lat' dir='ltr'><strong>ist</strong></span> <span class='ocrx_word' id='word_1_145' title='bbox 1685 1910 1853 1954; x_wconf 87' lang='lat' dir='ltr'><strong>etwas</strong></span> <span class='ocrx_word' id='word_1_146' title='bbox 1892 1901 2152 1972; x_wconf 75' lang='lat' dir='ltr'><strong>auffiillig3</strong></span> <span class='ocrx_word' id='word_1_147' title='bbox 2192 1903 2332 1954; x_wconf 89' lang='lat' dir='ltr'><strong>denn</strong></span> <span class='ocrx_word' id='word_1_148' title='bbox 2370 1901 2462 1954; x_wconf 89' lang='lat' dir='ltr'><strong>das</strong></span> <span class='ocrx_word' id='word_1_149' title='bbox 2497 1901 2712 1955; x_wconf 88' lang='lat' dir='ltr'><strong>Kloster</strong></span> <span class='ocrx_word' id='word_1_150' title='bbox 2748 1901 2889 1954; x_wconf 85' lang='lat' dir='ltr'><strong>lebte</strong></span> <span class='ocrx_word' id='word_1_151' title='bbox 2927 1901 3095 1954; x_wconf 87' lang='lat' dir='ltr'><strong>sehon</strong></span> 
     </span>
     <span class='ocr_line' id='line_1_18' title="bbox 573 1988 3097 2060; baseline -0 -19"><span class='ocrx_word' id='word_1_152' title='bbox 573 1989 729 2059; x_wconf 88' lang='lat' dir='ltr'><strong>lange</strong></span> <span class='ocrx_word' id='word_1_153' title='bbox 777 1988 1068 2042; x_wconf 88' lang='lat' dir='ltr'><strong>secundum</strong></span> <span class='ocrx_word' id='word_1_154' title='bbox 1120 1990 1354 2042; x_wconf 87' lang='lat' dir='ltr'><strong>instituta</strong></span> <span class='ocrx_word' id='word_1_155' title='bbox 1406 1989 1623 2042; x_wconf 87' lang='lat' dir='ltr'><strong>fratrum</strong></span> <span class='ocrx_word' id='word_1_156' title='bbox 1671 1989 2118 2042; x_wconf 86' lang='lat' dir='ltr'><strong>Praedicatorum.</strong></span> <span class='ocrx_word' id='word_1_157' title='bbox 2212 1989 2333 2059; x_wconf 88' lang='lat' dir='ltr'><strong>Vgl.</strong></span> <span class='ocrx_word' id='word_1_158' title='bbox 2385 1989 2628 2043; x_wconf 87' lang='lat' dir='ltr'><strong>Potthast</strong></span> <span class='ocrx_word' id='word_1_159' title='bbox 2674 1989 2766 2042; x_wconf 90' lang='lat' dir='ltr'><strong>Nr.</strong></span> <span class='ocrx_word' id='word_1_160' title='bbox 2820 1991 2983 2060; x_wconf 86' lang='lat'>18915</span> <span class='ocrx_word' id='word_1_161' title='bbox 3036 2007 3097 2041; x_wconf 87' lang='lat' dir='ltr'><strong>zu</strong></span> 
     </span>
     <span class='ocr_line' id='line_1_19' title="bbox 578 2075 3096 2147; baseline 0 -18"><span class='ocrx_word' id='word_1_162' title='bbox 578 2075 711 2141; x_wconf 86' lang='lat'>1264</span> <span class='ocrx_word' id='word_1_163' title='bbox 748 2078 853 2130; x_wconf 89' lang='lat' dir='ltr'><strong>Mai</strong></span> <span class='ocrx_word' id='word_1_164' title='bbox 897 2093 952 2145; x_wconf 82' lang='lat'><strong>15</strong></span> <span class='ocrx_word' id='word_1_165' title='bbox 1006 2077 1111 2129; x_wconf 89' lang='lat' dir='ltr'><strong>und</strong></span> <span class='ocrx_word' id='word_1_166' title='bbox 1148 2077 1371 2147; x_wconf 89' lang='lat' dir='ltr'><strong>Janner‚</strong></span> <span class='ocrx_word' id='word_1_167' title='bbox 1420 2077 1615 2130; x_wconf 88' lang='lat' dir='ltr'><strong>Gesch.</strong></span> <span class='ocrx_word' id='word_1_168' title='bbox 1655 2077 1703 2130; x_wconf 91' lang='lat' dir='ltr'><strong>d.</strong></span> <span class='ocrx_word' id='word_1_169' title='bbox 1744 2077 1994 2130; x_wconf 79' lang='lat' dir='ltr'><strong>Bischofe</strong></span> <span class='ocrx_word' id='word_1_170' title='bbox 2032 2096 2139 2130; x_wconf 91' lang='lat' dir='ltr'><strong>von</strong></span> <span class='ocrx_word' id='word_1_171' title='bbox 2179 2078 2531 2147; x_wconf 88' lang='lat' dir='ltr'><strong>Regensburg</strong></span> <span class='ocrx_word' id='word_1_172' title='bbox 2569 2078 2642 2139; x_wconf 88' lang='grc' dir='ltr'><strong>ΙΙ,</strong></span> <span class='ocrx_word' id='word_1_173' title='bbox 2695 2079 2797 2146; x_wconf 84' lang='grc'><strong>478</strong></span> <span class='ocrx_word' id='word_1_174' title='bbox 2838 2077 2942 2130; x_wconf 90' lang='lat' dir='ltr'><strong>und</strong></span> <span class='ocrx_word' id='word_1_175' title='bbox 2977 2077 3096 2141; x_wconf 84' lang='lat'><strong>488.</strong></span> 
     </span>
    </p>
   </div>
   <div class='ocr_carea' id='block_1_4' title="bbox 1777 2268 1895 2338">
    <p class='ocr_par' dir='ltr' id='par_1_4' title="bbox 1777 2268 1895 2338">
     <span class='ocr_line' id='line_1_20' title="bbox 1777 2268 1895 2338; baseline -0.008 -2"><span class='ocrx_word' id='word_1_176' title='bbox 1777 2268 1895 2338; x_wconf 83' lang='lat'><strong>117.</strong></span> 
     </span>
    </p>
   </div>
   <div class='ocr_carea' id='block_1_5' title="bbox 573 2390 3100 2572">
    <p class='ocr_par' dir='ltr' id='par_1_5' title="bbox 573 2390 3100 2572">
     <span class='ocr_line' id='line_1_21' title="bbox 783 2390 3100 2484; baseline 0 -26"><span class='ocrx_word' id='word_1_177' title='bbox 783 2393 1140 2480; x_wconf 63' lang='lat' dir='ltr'><strong>Provinzial</strong></span> <span class='ocrx_word' id='word_1_178' title='bbox 1186 2390 1566 2484; x_wconf 84' lang='lat' dir='ltr'><strong>(Hermann)</strong></span> <span class='ocrx_word' id='word_1_179' title='bbox 1615 2393 1802 2459; x_wconf 82' lang='lat' dir='ltr'><strong>dankt</strong></span> <span class='ocrx_word' id='word_1_180' title='bbox 1848 2396 2034 2459; x_wconf 86' lang='lat' dir='ltr'><strong>einem</strong></span> <span class='ocrx_word' id='word_1_181' title='bbox 2085 2393 2417 2459; x_wconf 81' lang='lat' dir='ltr'><strong>Edelherrn</strong></span> <span class='ocrx_word' id='word_1_182' title='bbox 2449 2397 2572 2482; x_wconf 60' lang='lat' dir='ltr'><strong>fiir</strong></span> <span class='ocrx_word' id='word_1_183' title='bbox 2618 2394 2712 2459; x_wconf 88' lang='lat' dir='ltr'><strong>die</strong></span> <span class='ocrx_word' id='word_1_184' title='bbox 2754 2393 3100 2479; x_wconf 73' lang='lat' dir='ltr'><strong>Griindung</strong></span> 
     </span>
     <span class='ocr_line' id='line_1_22' title="bbox 573 2479 2510 2572; baseline 0.002 -27"><span class='ocrx_word' id='word_1_185' title='bbox 573 2484 728 2546; x_wconf 79' lang='lat' dir='ltr'><strong>eines</strong></span> <span class='ocrx_word' id='word_1_186' title='bbox 773 2481 1664 2548; x_wconf 71' lang='lat' dir='ltr'><strong>DominikanerinnenklosterS.</strong></span> <span class='ocrx_word' id='word_1_187' title='bbox 1761 2481 2165 2568; x_wconf 78' lang='lat' dir='ltr'><strong>Regensburg.</strong></span> <span class='ocrx_word' id='word_1_188' title='bbox 2260 2479 2510 2572; x_wconf 87' lang='lat'><em>(1289.)</em></span> 
     </span>
    </p>
   </div>
   <div class='ocr_carea' id='block_1_6' title="bbox 571 2584 3101 3904">
    <p class='ocr_par' dir='ltr' id='par_1_6' title="bbox 571 2584 3101 3904">
     <span class='ocr_line' id='line_1_23' title="bbox 782 2584 3099 2653; baseline -0 -2"><span class='ocrx_word' id='word_1_189' title='bbox 782 2587 1189 2653; x_wconf 84' lang='lat' dir='ltr'><strong>Provincialis</strong></span> <span class='ocrx_word' id='word_1_190' title='bbox 1256 2585 1499 2653; x_wconf 89' lang='lat' dir='ltr'><strong>cuidam</strong></span> <span class='ocrx_word' id='word_1_191' title='bbox 1561 2585 1828 2653; x_wconf 91' lang='lat' dir='ltr'><strong>domino</strong></span> <span class='ocrx_word' id='word_1_192' title='bbox 1888 2584 1964 2652; x_wconf 91' lang='lat' dir='ltr'><strong>de</strong></span> <span class='ocrx_word' id='word_1_193' title='bbox 2024 2584 2393 2653; x_wconf 84' lang='lat' dir='ltr'><strong>fundatione</strong></span> <span class='ocrx_word' id='word_1_194' title='bbox 2463 2584 2786 2653; x_wconf 91' lang='lat' dir='ltr'><strong>cuiusdam</strong></span> <span class='ocrx_word' id='word_1_195' title='bbox 2852 2585 3099 2653; x_wconf 88' lang='lat' dir='ltr'><strong>claustri</strong></span> 
     </span>
     <span class='ocr_line' id='line_1_24' title="bbox 573 2675 3098 2762; baseline -0 -22"><span class='ocrx_word' id='word_1_196' title='bbox 573 2697 868 2740; x_wconf 88' lang='lat' dir='ltr'><strong>sororum</strong></span> <span class='ocrx_word' id='word_1_197' title='bbox 918 2677 1313 2762; x_wconf 86' lang='lat' dir='ltr'><strong>regraciatur.</strong></span> <span class='ocrx_word' id='word_1_198' title='bbox 1384 2676 1744 2742; x_wconf 90' lang='lat' dir='ltr'><strong>Devocioni</strong></span> <span class='ocrx_word' id='word_1_199' title='bbox 1780 2687 1986 2742; x_wconf 88' lang='lat' dir='ltr'><strong>vestre</strong></span> <span class='ocrx_word' id='word_1_200' title='bbox 2034 2675 2443 2761; x_wconf 85' lang='lat' dir='ltr'><strong>congaudens</strong></span> <span class='ocrx_word' id='word_1_201' title='bbox 2492 2676 2921 2761; x_wconf 90' lang='lat' dir='ltr'><strong>omnipotenti</strong></span> <span class='ocrx_word' id='word_1_202' title='bbox 2955 2676 3098 2742; x_wconf 93' lang='lat' dir='ltr'><strong>Deo</strong></span> 
     </span>
     <span class='ocr_line' id='line_1_25' title="bbox 571 2762 3098 2864; baseline 0 -37"><span class='ocrx_word' id='word_1_203' title='bbox 571 2764 799 2848; x_wconf 84' lang='lat' dir='ltr'><strong>gratias</strong></span> <span class='ocrx_word' id='word_1_204' title='bbox 845 2762 1083 2844; x_wconf 86' lang='lat' dir='ltr'><strong>refer0‚</strong></span> <span class='ocrx_word' id='word_1_205' title='bbox 1141 2775 1401 2864; x_wconf 79' lang='lat' dir='ltr'><strong>quantas</strong></span> <span class='ocrx_word' id='word_1_206' title='bbox 1446 2786 1738 2849; x_wconf 88' lang='lat' dir='ltr'><strong>possum,</strong></span> <span class='ocrx_word' id='word_1_207' title='bbox 1796 2762 1969 2849; x_wconf 92' lang='lat' dir='ltr'><strong>quod</strong></span> <span class='ocrx_word' id='word_1_208' title='bbox 2017 2785 2133 2829; x_wconf 92' lang='lat' dir='ltr'><strong>vos</strong></span> <span class='ocrx_word' id='word_1_209' title='bbox 2190 2765 2254 2828; x_wconf 89' lang='lat' dir='ltr'><strong>in</strong></span> <span class='ocrx_word' id='word_1_210' title='bbox 2303 2762 2448 2829; x_wconf 92' lang='lat' dir='ltr'><strong>loco</strong></span> <span class='ocrx_word' id='word_1_211' title='bbox 2496 2763 2598 2830; x_wconf 86' lang='lat' dir='ltr'><strong>tali</strong></span> <span class='ocrx_word' id='word_1_212' title='bbox 2650 2815 2663 2829; x_wconf 92' lang='lat'><strong>.</strong></span> <span class='ocrx_word' id='word_1_213' title='bbox 2716 2816 2729 2828; x_wconf 94' lang='lat'><strong>.</strong></span> <span class='ocrx_word' id='word_1_214' title='bbox 2779 2765 2839 2827; x_wconf 91' lang='lat' dir='ltr'><strong>in</strong></span> <span class='ocrx_word' id='word_1_215' title='bbox 2890 2775 3098 2830; x_wconf 88' lang='lat' dir='ltr'><strong>vestro</strong></span> 
     </span>
     <span class='ocr_line' id='line_1_26' title="bbox 575 2848 3098 2942; baseline -0 -26"><span class='ocrx_word' id='word_1_216' title='bbox 575 2848 855 2942; x_wconf 82' lang='lat' dir='ltr'><strong>districtu</strong></span> <span class='ocrx_word' id='word_1_217' title='bbox 912 2849 1183 2917; x_wconf 73' lang='lat' dir='ltr'><strong>edificari</strong></span> <span class='ocrx_word' id='word_1_218' title='bbox 1240 2873 1537 2916; x_wconf 90' lang='lat' dir='ltr'><strong>sororum</strong></span> <span class='ocrx_word' id='word_1_219' title='bbox 1593 2869 1953 2917; x_wconf 91' lang='lat' dir='ltr'><strong>nostrarum</strong></span> <span class='ocrx_word' id='word_1_220' title='bbox 2017 2852 2473 2917; x_wconf 88' lang='lat' dir='ltr'><strong>monasterium</strong></span> <span class='ocrx_word' id='word_1_221' title='bbox 2520 2851 2926 2938; x_wconf 76' lang='lat' dir='ltr'><strong>procurasti3‚</strong></span> <span class='ocrx_word' id='word_1_222' title='bbox 2982 2873 3098 2937; x_wconf 92' lang='lat' dir='ltr'><strong>pro</strong></span> 
     </span>
     <span class='ocr_line' id='line_1_27' title="bbox 616 2936 3098 3026; baseline 0 -23"><span class='ocrx_word' id='word_1_223' title='bbox 616 2961 700 3003; x_wconf 93' lang='lat' dir='ltr'><strong>uo</strong></span> <span class='ocrx_word' id='word_1_224' title='bbox 734 2957 795 3005; x_wconf 93' lang='lat' dir='ltr'><strong>et</strong></span> <span class='ocrx_word' id='word_1_225' title='bbox 830 2940 960 3005; x_wconf 92' lang='lat' dir='ltr'><strong>eius</strong></span> <span class='ocrx_word' id='word_1_226' title='bbox 1006 2939 1429 3025; x_wconf 90' lang='lat' dir='ltr'><strong>promocione</strong></span> <span class='ocrx_word' id='word_1_227' title='bbox 1463 2962 1566 3004; x_wconf 92' lang='lat' dir='ltr'><strong>me</strong></span> <span class='ocrx_word' id='word_1_228' title='bbox 1613 2937 1879 3005; x_wconf 91' lang='lat' dir='ltr'><strong>libenter</strong></span> <span class='ocrx_word' id='word_1_229' title='bbox 1910 2938 2295 3025; x_wconf 85' lang='lat' dir='ltr'><strong>impendam,</strong></span> <span class='ocrx_word' id='word_1_230' title='bbox 2343 2940 2622 3026; x_wconf 81' lang='lat' dir='ltr'><strong>provi50,</strong></span> <span class='ocrx_word' id='word_1_231' title='bbox 2672 2936 2845 3026; x_wconf 89' lang='lat' dir='ltr'><strong>quod</strong></span> <span class='ocrx_word' id='word_1_232' title='bbox 2878 2961 3098 3004; x_wconf 91' lang='lat' dir='ltr'><strong>secun-</strong></span> 
     </span>
     <span class='ocr_line' id='line_1_28' title="bbox 573 2962 3099 3113; baseline 0 -23"><span class='ocrx_word' id='word_1_233' title='bbox 573 2962 724 3092; x_wconf 58' lang='lat' dir='ltr'><strong>dum</strong></span> <span class='ocrx_word' id='word_1_234' title='bbox 786 3038 1060 3092; x_wconf 87' lang='lat' dir='ltr'><strong>vestram</strong></span> <span class='ocrx_word' id='word_1_235' title='bbox 1122 3024 1594 3113; x_wconf 90' lang='lat' dir='ltr'><strong>providenciam</strong></span> <span class='ocrx_word' id='word_1_236' title='bbox 1657 3025 2106 3113; x_wconf 87' lang='lat' dir='ltr'><strong>temporalibus</strong></span> <span class='ocrx_word' id='word_1_237' title='bbox 2179 3050 2312 3092; x_wconf 88' lang='lat' dir='ltr'><strong>non</strong></span> <span class='ocrx_word' id='word_1_238' title='bbox 2372 3026 2783 3093; x_wconf 86' lang='lat' dir='ltr'><strong>destituantur</strong></span> <span class='ocrx_word' id='word_1_239' title='bbox 2842 3025 3099 3105; x_wconf 79' lang='lat' dir='ltr'><strong>auxilii5‚</strong></span> 
     </span>
     <span class='ocr_line' id='line_1_29' title="bbox 572 3113 3096 3201; baseline 0 -23"><span class='ocrx_word' id='word_1_240' title='bbox 572 3115 733 3180; x_wconf 89' lang='lat' dir='ltr'><strong>sicut</strong></span> <span class='ocrx_word' id='word_1_241' title='bbox 779 3137 881 3181; x_wconf 91' lang='lat' dir='ltr'><strong>eas</strong></span> <span class='ocrx_word' id='word_1_242' title='bbox 929 3113 1342 3201; x_wconf 88' lang='lat' dir='ltr'><strong>spiritualibus</strong></span> <span class='ocrx_word' id='word_1_243' title='bbox 1433 3113 1699 3182; x_wconf 91' lang='lat' dir='ltr'><strong>roficere</strong></span> <span class='ocrx_word' id='word_1_244' title='bbox 1749 3113 2040 3181; x_wconf 92' lang='lat' dir='ltr'><strong>desidero</strong></span> <span class='ocrx_word' id='word_1_245' title='bbox 2090 3116 2518 3182; x_wconf 77' lang='lat' dir='ltr'><strong>incrementis,</strong></span> <span class='ocrx_word' id='word_1_246' title='bbox 2599 3114 2819 3180; x_wconf 91' lang='lat' dir='ltr'><strong>Unum</strong></span> <span class='ocrx_word' id='word_1_247' title='bbox 2864 3126 3096 3181; x_wconf 87' lang='lat' dir='ltr'><strong>restare</strong></span> 
     </span>
     <span class='ocr_line' id='line_1_30' title="bbox 572 3137 3096 3288; baseline -0 -20"><span class='ocrx_word' id='word_1_248' title='bbox 572 3203 821 3288; x_wconf 80' lang='lat' dir='ltr'><strong>putati8‚</strong></span> <span class='ocrx_word' id='word_1_249' title='bbox 870 3221 935 3268; x_wconf 91' lang='lat' dir='ltr'><strong>ut</strong></span> <span class='ocrx_word' id='word_1_250' title='bbox 984 3200 1184 3283; x_wconf 91' lang='lat' dir='ltr'><strong>detur,</strong></span> <span class='ocrx_word' id='word_1_251' title='bbox 1275 3137 1429 3268; x_wconf 69' lang='lat' dir='ltr'><strong>uod³</strong></span> <span class='ocrx_word' id='word_1_252' title='bbox 1453 3226 1585 3269; x_wconf 89' lang='lat' dir='ltr'><strong>non</strong></span> <span class='ocrx_word' id='word_1_253' title='bbox 1633 3215 1782 3269; x_wconf 92' lang='lat' dir='ltr'><strong>sunt</strong></span> <span class='ocrx_word' id='word_1_254' title='bbox 1814 3201 2021 3269; x_wconf 89' lang='lat' dir='ltr'><strong>ordini</strong></span> <span class='ocrx_word' id='word_1_255' title='bbox 2067 3202 2270 3268; x_wconf 87' lang='lat' dir='ltr'><strong>adhuc</strong></span> <span class='ocrx_word' id='word_1_256' title='bbox 2302 3204 2483 3268; x_wconf 89' lang='lat' dir='ltr'><strong>incor</strong></span> <span class='ocrx_word' id='word_1_257' title='bbox 2530 3221 2705 3269; x_wconf 91' lang='lat' dir='ltr'><strong>orate</strong></span> <span class='ocrx_word' id='word_1_258' title='bbox 2751 3225 2870 3269; x_wconf 92' lang='lat' dir='ltr'><strong>nec</strong></span> <span class='ocrx_word' id='word_1_259' title='bbox 2902 3203 3096 3281; x_wconf 89' lang='lat' dir='ltr'><strong>unite,</strong></span> 
     </span>
     <span class='ocr_line' id='line_1_31' title="bbox 573 3288 3097 3378; baseline -0 -23"><span class='ocrx_word' id='word_1_260' title='bbox 573 3309 669 3356; x_wconf 90' lang='lat' dir='ltr'><strong>set</strong></span> <span class='ocrx_word' id='word_1_261' title='bbox 713 3290 860 3378; x_wconf 89' lang='lat' dir='ltr'><strong>quid</strong></span> <span class='ocrx_word' id='word_1_262' title='bbox 908 3289 1066 3357; x_wconf 86' lang='lat' dir='ltr'><strong>ultra</strong></span> <span class='ocrx_word' id='word_1_263' title='bbox 1112 3292 1199 3357; x_wconf 89' lang='lat' dir='ltr'><strong>eis</strong></span> <span class='ocrx_word' id='word_1_264' title='bbox 1291 3290 1460 3357; x_wconf 90' lang='lat' dir='ltr'><strong>ebuit</strong></span> <span class='ocrx_word' id='word_1_265' title='bbox 1493 3289 1653 3358; x_wconf 91' lang='lat' dir='ltr'><strong>ordo</strong></span> <span class='ocrx_word' id='word_1_266' title='bbox 1700 3289 1903 3357; x_wconf 85' lang='lat' dir='ltr'><strong>facere</strong></span> <span class='ocrx_word' id='word_1_267' title='bbox 1939 3302 2000 3356; x_wconf 89' lang='lat' dir='ltr'><strong>et</strong></span> <span class='ocrx_word' id='word_1_268' title='bbox 2046 3314 2178 3356; x_wconf 91' lang='lat' dir='ltr'><strong>non</strong></span> <span class='ocrx_word' id='word_1_269' title='bbox 2224 3288 2413 3356; x_wconf 85' lang='lat' dir='ltr'><strong>fecit?</strong></span> <span class='ocrx_word' id='word_1_270' title='bbox 2548 3314 2582 3357; x_wconf 93' lang='lat' dir='ltr'><strong>e</strong></span> <span class='ocrx_word' id='word_1_271' title='bbox 2616 3288 2839 3356; x_wconf 92' lang='lat' dir='ltr'><strong>ordine</strong></span> <span class='ocrx_word' id='word_1_272' title='bbox 2872 3301 3097 3356; x_wconf 90' lang='lat' dir='ltr'><strong>nostro</strong></span> 
     </span>
     <span class='ocr_line' id='line_1_32' title="bbox 575 3376 3098 3466; baseline -0.001 -22"><span class='ocrx_word' id='word_1_273' title='bbox 575 3390 636 3445; x_wconf 89' lang='lat' dir='ltr'><strong>et</strong></span> <span class='ocrx_word' id='word_1_274' title='bbox 682 3380 798 3465; x_wconf 88' lang='lat' dir='ltr'><strong>ipsi</strong></span> <span class='ocrx_word' id='word_1_275' title='bbox 845 3377 1050 3445; x_wconf 90' lang='lat' dir='ltr'><strong>ordini</strong></span> <span class='ocrx_word' id='word_1_276' title='bbox 1098 3380 1499 3465; x_wconf 88' lang='lat' dir='ltr'><strong>incorporate</strong></span> <span class='ocrx_word' id='word_1_277' title='bbox 1546 3401 1801 3445; x_wconf 92' lang='lat' dir='ltr'><strong>sorores</strong></span> <span class='ocrx_word' id='word_1_278' title='bbox 1848 3377 2062 3444; x_wconf 90' lang='lat' dir='ltr'><strong>locum</strong></span> <span class='ocrx_word' id='word_1_279' title='bbox 2109 3376 2460 3466; x_wconf 91' lang='lat' dir='ltr'><strong>predictum</strong></span> <span class='ocrx_word' id='word_1_280' title='bbox 2507 3390 2913 3465; x_wconf 89' lang='lat' dir='ltr'><strong>receperunt,</strong></span> <span class='ocrx_word' id='word_1_281' title='bbox 2960 3399 3098 3464; x_wconf 91' lang='lat' dir='ltr'><strong>per-</strong></span> 
     </span>
     <span class='ocr_line' id='line_1_33' title="bbox 573 3463 3100 3553; baseline -0 -22"><span class='ocrx_word' id='word_1_282' title='bbox 573 3489 762 3532; x_wconf 88' lang='lat' dir='ltr'><strong>sonas</strong></span> <span class='ocrx_word' id='word_1_283' title='bbox 807 3466 1200 3548; x_wconf 89' lang='lat' dir='ltr'><strong>imbuerunt‚</strong></span> <span class='ocrx_word' id='word_1_284' title='bbox 1247 3467 1544 3533; x_wconf 86' lang='lat' dir='ltr'><strong>institutis</strong></span> <span class='ocrx_word' id='word_1_285' title='bbox 1589 3465 1953 3533; x_wconf 87' lang='lat' dir='ltr'><strong>salutaribus</strong></span> <span class='ocrx_word' id='word_1_286' title='bbox 2000 3464 2448 3548; x_wconf 83' lang='lat' dir='ltr'><strong>fundaverunt3</strong></span> <span class='ocrx_word' id='word_1_287' title='bbox 2512 3478 2574 3533; x_wconf 91' lang='lat' dir='ltr'><strong>et</strong></span> <span class='ocrx_word' id='word_1_288' title='bbox 2619 3468 2670 3531; x_wconf 90' lang='lat' dir='ltr'><strong>si</strong></span> <span class='ocrx_word' id='word_1_289' title='bbox 2717 3463 2867 3553; x_wconf 91' lang='lat' dir='ltr'><strong>quid</strong></span> <span class='ocrx_word' id='word_1_290' title='bbox 2913 3476 3100 3531; x_wconf 90' lang='lat' dir='ltr'><strong>restat</strong></span> 
     </span>
     <span class='ocr_line' id='line_1_34' title="bbox 572 3550 3101 3641; baseline -0 -22"><span class='ocrx_word' id='word_1_291' title='bbox 572 3554 867 3641; x_wconf 88' lang='lat' dir='ltr'><strong>amplius,</strong></span> <span class='ocrx_word' id='word_1_292' title='bbox 935 3552 1011 3620; x_wconf 92' lang='lat' dir='ltr'><strong>de</strong></span> <span class='ocrx_word' id='word_1_293' title='bbox 1074 3565 1287 3621; x_wconf 91' lang='lat' dir='ltr'><strong>vestro</strong></span> <span class='ocrx_word' id='word_1_294' title='bbox 1344 3566 1408 3620; x_wconf 90' lang='lat' dir='ltr'><strong>et</strong></span> <span class='ocrx_word' id='word_1_295' title='bbox 1470 3554 1780 3620; x_wconf 87' lang='lat' dir='ltr'><strong>karissimi</strong></span> <span class='ocrx_word' id='word_1_296' title='bbox 1839 3553 1994 3619; x_wconf 89' lang='lat' dir='ltr'><strong>mihi</strong></span> <span class='ocrx_word' id='word_1_297' title='bbox 2050 3555 2115 3618; x_wconf 92' lang='lat' dir='ltr'><strong>in</strong></span> <span class='ocrx_word' id='word_1_298' title='bbox 2176 3553 2431 3620; x_wconf 89' lang='lat' dir='ltr'><strong>Christo</strong></span> <span class='ocrx_word' id='word_1_299' title='bbox 2496 3555 2722 3640; x_wconf 88' lang='lat' dir='ltr'><strong>prioris</strong></span> <span class='ocrx_word' id='word_1_300' title='bbox 2783 3550 3101 3619; x_wconf 88' lang='lat' dir='ltr'><strong>Landens-</strong></span> 
     </span>
     <span class='ocr_line' id='line_1_35' title="bbox 574 3639 3101 3729; baseline 0 -23"><span class='ocrx_word' id='word_1_301' title='bbox 574 3643 855 3708; x_wconf 89' lang='lat' dir='ltr'><strong>hutensis</strong></span> <span class='ocrx_word' id='word_1_302' title='bbox 903 3641 1171 3708; x_wconf 89' lang='lat' dir='ltr'><strong>consilio</strong></span> <span class='ocrx_word' id='word_1_303' title='bbox 1219 3640 1421 3707; x_wconf 89' lang='lat' dir='ltr'><strong>facere</strong></span> <span class='ocrx_word' id='word_1_304' title='bbox 1473 3664 1611 3706; x_wconf 89' lang='lat' dir='ltr'><strong>sum</strong></span> <span class='ocrx_word' id='word_1_305' title='bbox 1661 3654 1926 3728; x_wconf 78' lang='lat' dir='ltr'><strong>paratus,</strong></span> <span class='ocrx_word' id='word_1_306' title='bbox 2021 3642 2335 3723; x_wconf 87' lang='lat' dir='ltr'><strong>Scientes,</strong></span> <span class='ocrx_word' id='word_1_307' title='bbox 2393 3640 2566 3729; x_wconf 91' lang='lat' dir='ltr'><strong>quod</strong></span> <span class='ocrx_word' id='word_1_308' title='bbox 2626 3639 2991 3707; x_wconf 87' lang='lat' dir='ltr'><strong>advocacias</strong></span> <span class='ocrx_word' id='word_1_309' title='bbox 3040 3653 3101 3707; x_wconf 90' lang='lat' dir='ltr'><strong>et</strong></span> 
     </span>
     <span class='ocr_line' id='line_1_36' title="bbox 573 3726 3096 3816; baseline -0.001 -21"><span class='ocrx_word' id='word_1_310' title='bbox 573 3731 926 3816; x_wconf 88' lang='lat' dir='ltr'><strong>ingressum</strong></span> <span class='ocrx_word' id='word_1_311' title='bbox 957 3730 1236 3795; x_wconf 91' lang='lat' dir='ltr'><strong>virorum</strong></span> <span class='ocrx_word' id='word_1_312' title='bbox 1288 3741 1352 3795; x_wconf 93' lang='lat' dir='ltr'><strong>et</strong></span> <span class='ocrx_word' id='word_1_313' title='bbox 1382 3727 1718 3795; x_wconf 90' lang='lat' dir='ltr'><strong>mulierum</strong></span> <span class='ocrx_word' id='word_1_314' title='bbox 1766 3728 1843 3795; x_wconf 88' lang='lat' dir='ltr'><strong>ad</strong></span> <span class='ocrx_word' id='word_1_315' title='bbox 1883 3752 2137 3795; x_wconf 92' lang='lat' dir='ltr'><strong>sorores</strong></span> <span class='ocrx_word' id='word_1_316' title='bbox 2180 3752 2438 3797; x_wconf 90' lang='lat' dir='ltr'><strong>necnon</strong></span> <span class='ocrx_word' id='word_1_317' title='bbox 2473 3731 2710 3797; x_wconf 85' lang='lat' dir='ltr'><strong>exitum</strong></span> <span class='ocrx_word' id='word_1_318' title='bbox 2757 3726 3096 3795; x_wconf 85' lang='lat' dir='ltr'><strong>earundam</strong></span> 
     </span>
     <span class='ocr_line' id='line_1_37' title="bbox 574 3815 3092 3904; baseline -0.001 -21"><span class='ocrx_word' id='word_1_319' title='bbox 574 3840 691 3883; x_wconf 93' lang='lat' dir='ltr'><strong>nec</strong></span> <span class='ocrx_word' id='word_1_320' title='bbox 738 3840 1074 3904; x_wconf 88' lang='lat' dir='ltr'><strong>possumus</strong></span> <span class='ocrx_word' id='word_1_321' title='bbox 1121 3840 1239 3883; x_wconf 91' lang='lat' dir='ltr'><strong>nec</strong></span> <span class='ocrx_word' id='word_1_322' title='bbox 1271 3815 1565 3882; x_wconf 89' lang='lat' dir='ltr'><strong>volumus</strong></span> <span class='ocrx_word' id='word_1_323' title='bbox 1600 3818 2014 3904; x_wconf 87' lang='lat' dir='ltr'><strong>equanimiter</strong></span> <span class='ocrx_word' id='word_1_324' title='bbox 2061 3819 2386 3884; x_wconf 88' lang='lat' dir='ltr'><strong>sustinere.</strong></span> <span class='ocrx_word' id='word_1_325' title='bbox 2458 3818 2691 3884; x_wconf 91' lang='lat' dir='ltr'><strong>Datum</strong></span> <span class='ocrx_word' id='word_1_326' title='bbox 2727 3817 3092 3903; x_wconf 88' lang='lat' dir='ltr'><strong>Ratispone.</strong></span> 
     </span>
    </p>
   </div>
   <div class='ocr_carea' id='block_1_7' title="bbox 646 3945 994 3951">
    <p class='ocr_par' dir='ltr' id='par_1_7' title="bbox 646 3945 994 3951">
     <span class='ocr_line' id='line_1_38' title="bbox 646 3945 994 3951; baseline 0 0"><span class='ocrx_word' id='word_1_327' title='bbox 646 3945 994 3951; x_wconf 95' lang='lat' dir='ltr'><strong> </strong></span> 
     </span>
    </p>
   </div>
   <div class='ocr_carea' id='block_1_8' title="bbox 998 3946 1189 3951">
    <p class='ocr_par' dir='ltr' id='par_1_8' title="bbox 998 3946 1189 3951">
     <span class='ocr_line' id='line_1_39' title="bbox 998 3946 1189 3951; baseline 0 0"><span class='ocrx_word' id='word_1_328' title='bbox 998 3946 1189 3951; x_wconf 95' lang='lat' dir='ltr'><strong> </strong></span> 
     </span>
    </p>
   </div>
   <div class='ocr_carea' id='block_1_9' title="bbox 784 3991 1903 4218">
    <p class='ocr_par' dir='ltr' id='par_1_9' title="bbox 784 3991 1903 4218">
     <span class='ocr_line' id='line_1_40' title="bbox 784 3991 1109 4059; baseline 0.009 -16"><span class='ocrx_word' id='word_1_329' title='bbox 784 3991 894 4044; x_wconf 86' lang='lat' dir='ltr'><strong>Fol.</strong></span> <span class='ocrx_word' id='word_1_330' title='bbox 941 4008 1032 4059; x_wconf 83' lang='lat'><strong>155</strong></span> <span class='ocrx_word' id='word_1_331' title='bbox 1056 4004 1109 4046; x_wconf 78' lang='lat' dir='ltr'><strong>v.</strong></span> 
     </span>
     <span class='ocr_line' id='line_1_41' title="bbox 1785 4148 1903 4218; baseline 0 -3"><span class='ocrx_word' id='word_1_332' title='bbox 1785 4148 1903 4218; x_wconf 89' lang='lat'>118.</span> 
     </span>
    </p>
   </div>
   <div class='ocr_carea' id='block_1_10' title="bbox 573 4272 3103 4712">
    <p class='ocr_par' dir='ltr' id='par_1_10' title="bbox 573 4272 3103 4712">
     <span class='ocr_line' id='line_1_42' title="bbox 785 4272 3103 4359; baseline 0 -22"><span class='ocrx_word' id='word_1_333' title='bbox 785 4272 1141 4358; x_wconf 66' lang='lat' dir='ltr'><strong>Provinzial</strong></span> <span class='ocrx_word' id='word_1_334' title='bbox 1171 4273 1494 4338; x_wconf 81' lang='lat' dir='ltr'><strong>Hermann</strong></span> <span class='ocrx_word' id='word_1_335' title='bbox 1527 4273 1878 4339; x_wconf 83' lang='lat' dir='ltr'><strong>entscheidet</strong></span> <span class='ocrx_word' id='word_1_336' title='bbox 1908 4273 2020 4338; x_wconf 88' lang='lat' dir='ltr'><strong>den</strong></span> <span class='ocrx_word' id='word_1_337' title='bbox 2059 4272 2241 4340; x_wconf 80' lang='lat' dir='ltr'><strong>Streit</strong></span> <span class='ocrx_word' id='word_1_338' title='bbox 2271 4296 2478 4359; x_wconf 81' lang='lat' dir='ltr'><strong>wegen</strong></span> <span class='ocrx_word' id='word_1_339' title='bbox 2511 4275 2673 4339; x_wconf 88' lang='lat' dir='ltr'><strong>einer</strong></span> <span class='ocrx_word' id='word_1_340' title='bbox 2704 4274 2836 4338; x_wconf 88' lang='lat' dir='ltr'><strong>dem</strong></span> <span class='ocrx_word' id='word_1_341' title='bbox 2863 4273 3103 4338; x_wconf 83' lang='lat' dir='ltr'><strong>Bruder</strong></span> 
     </span>
     <span class='ocr_line' id='line_1_43' title="bbox 576 4358 3103 4448; baseline 0 -23"><span class='ocrx_word' id='word_1_342' title='bbox 576 4358 866 4426; x_wconf 86' lang='lat' dir='ltr'><strong>Ekbertus</strong></span> <span class='ocrx_word' id='word_1_343' title='bbox 929 4360 1170 4448; x_wconf 82' lang='lat' dir='ltr'><strong>dapifer</strong></span> <span class='ocrx_word' id='word_1_344' title='bbox 1231 4361 1439 4426; x_wconf 87' lang='lat' dir='ltr'><strong>domus</strong></span> <span class='ocrx_word' id='word_1_345' title='bbox 1496 4361 1669 4430; x_wconf 86' lang='lat' dir='ltr'><strong>Ratis</strong></span> <span class='ocrx_word' id='word_1_346' title='bbox 1708 4362 1940 4426; x_wconf 88' lang='lat' dir='ltr'><strong>onensis</strong></span> <span class='ocrx_word' id='word_1_347' title='bbox 2003 4384 2121 4427; x_wconf 85' lang='lat' dir='ltr'><strong>von</strong></span> <span class='ocrx_word' id='word_1_348' title='bbox 2190 4363 2411 4427; x_wconf 86' lang='lat' dir='ltr'><strong>seinem</strong></span> <span class='ocrx_word' id='word_1_349' title='bbox 2476 4361 2655 4426; x_wconf 86' lang='lat' dir='ltr'><strong>Vater</strong></span> <span class='ocrx_word' id='word_1_350' title='bbox 2720 4360 3103 4427; x_wconf 83' lang='lat' dir='ltr'><strong>vermachten</strong></span> 
     </span>
     <span class='ocr_line' id='line_1_44' title="bbox 577 4447 3100 4604; baseline 0.001 -92"><span class='ocrx_word' id='word_1_351' title='bbox 577 4449 767 4513; x_wconf 86' lang='lat' dir='ltr'><strong>Kurie</strong></span> <span class='ocrx_word' id='word_1_352' title='bbox 812 4448 1020 4528; x_wconf 88' lang='lat' dir='ltr'><strong>dahin,</strong></span> <span class='ocrx_word' id='word_1_353' title='bbox 1069 4448 1231 4604; x_wconf 56' lang='grc' dir='ltr'><strong><em>άιὶζς,</em></strong></span> <span class='ocrx_word' id='word_1_354' title='bbox 1279 4447 1568 4514; x_wconf 88' lang='lat' dir='ltr'><strong>nachdem</strong></span> <span class='ocrx_word' id='word_1_355' title='bbox 1602 4449 1662 4514; x_wconf 86' lang='lat' dir='ltr'><em>E</em></span> <span class='ocrx_word' id='word_1_356' title='bbox 1695 4447 1823 4515; x_wconf 87' lang='lat' dir='ltr'><strong>bert</strong></span> <span class='ocrx_word' id='word_1_357' title='bbox 1860 4449 2232 4535; x_wconf 76' lang='lat' dir='ltr'><strong>vollstandig</strong></span> <span class='ocrx_word' id='word_1_358' title='bbox 2278 4450 2401 4536; x_wconf 86' lang='lat' dir='ltr'><strong>auf</strong></span> <span class='ocrx_word' id='word_1_359' title='bbox 2435 4451 2518 4514; x_wconf 84' lang='lat' dir='ltr'><strong>sie</strong></span> <span class='ocrx_word' id='word_1_360' title='bbox 2548 4448 2890 4534; x_wconf 69' lang='lat' dir='ltr'><strong>verzichtet,</strong></span> <span class='ocrx_word' id='word_1_361' title='bbox 2936 4449 3100 4514; x_wconf 88' lang='lat' dir='ltr'><strong>Her-</strong></span> 
     </span>
     <span class='ocr_line' id='line_1_45' title="bbox 575 4535 3100 4623; baseline 0 -23"><span class='ocrx_word' id='word_1_362' title='bbox 575 4557 763 4601; x_wconf 87' lang='lat' dir='ltr'><strong>mann</strong></span> <span class='ocrx_word' id='word_1_363' title='bbox 808 4539 892 4602; x_wconf 87' lang='lat' dir='ltr'><strong>sie</strong></span> <span class='ocrx_word' id='word_1_364' title='bbox 936 4536 1070 4601; x_wconf 86' lang='lat' dir='ltr'><strong>dem</strong></span> <span class='ocrx_word' id='word_1_365' title='bbox 1174 4535 1570 4623; x_wconf 81' lang='lat' dir='ltr'><strong>egensburger</strong></span> <span class='ocrx_word' id='word_1_366' title='bbox 1608 4537 1789 4602; x_wconf 86' lang='lat' dir='ltr'><strong>Prior</strong></span> <span class='ocrx_word' id='word_1_367' title='bbox 1834 4536 2151 4603; x_wconf 77' lang='lat' dir='ltr'><strong>is&#39;berweist</strong></span> <span class='ocrx_word' id='word_1_368' title='bbox 2193 4560 2307 4622; x_wconf 65' lang='lat' dir='ltr'><strong>zur</strong></span> <span class='ocrx_word' id='word_1_369' title='bbox 2353 4537 2712 4623; x_wconf 66' lang='lat' dir='ltr'><strong>Benutzung</strong></span> <span class='ocrx_word' id='word_1_370' title='bbox 2758 4536 2921 4603; x_wconf 84' lang='lat' dir='ltr'><strong>ihrer</strong></span> <span class='ocrx_word' id='word_1_371' title='bbox 2951 4536 3100 4602; x_wconf 83' lang='lat' dir='ltr'><strong>Ein-</strong></span> 
     </span>
     <span class='ocr_line' id='line_1_46' title="bbox 573 4622 3102 4712; baseline 0 -24"><span class='ocrx_word' id='word_1_372' title='bbox 573 4623 785 4712; x_wconf 78' lang='lat' dir='ltr'><strong>kilnfte.</strong></span> <span class='ocrx_word' id='word_1_373' title='bbox 815 4626 938 4712; x_wconf 71' lang='lat' dir='ltr'><strong>fiir</strong></span> <span class='ocrx_word' id='word_1_374' title='bbox 984 4622 1470 4710; x_wconf 66' lang='lat' dir='ltr'><strong>Klosterzwecke.</strong></span> <span class='ocrx_word' id='word_1_375' title='bbox 1550 4625 1680 4689; x_wconf 74' lang='lat' dir='ltr'><strong>Far</strong></span> <span class='ocrx_word' id='word_1_376' title='bbox 1724 4625 1837 4689; x_wconf 86' lang='lat' dir='ltr'><strong>das</strong></span> <span class='ocrx_word' id='word_1_377' title='bbox 1885 4625 2172 4712; x_wconf 78' lang='lat' dir='ltr'><strong>lachende</strong></span> <span class='ocrx_word' id='word_1_378' title='bbox 2209 4624 2364 4707; x_wconf 87' lang='lat' dir='ltr'><strong>Jahr</strong></span> <span class='ocrx_word' id='word_1_379' title='bbox 2405 4624 2604 4690; x_wconf 80' lang='lat' dir='ltr'><strong>erhalt</strong></span> <span class='ocrx_word' id='word_1_380' title='bbox 2647 4648 2761 4710; x_wconf 68' lang='lat' dir='ltr'><strong>zur</strong></span> <span class='ocrx_word' id='word_1_381' title='bbox 2806 4623 3102 4710; x_wconf 78' lang='lat' dir='ltr'><strong>Deckung</strong></span> 
     </span>
    </p>
   </div>
  </div>
 </body>
</html>
