<?xml version="1.0" encoding="UTF-8"?>
<!DOCTYPE html PUBLIC "-//W3C//DTD XHTML 1.0 Transitional//EN"
    "http://www.w3.org/TR/xhtml1/DTD/xhtml1-transitional.dtd">
<html xmlns="http://www.w3.org/1999/xhtml" xml:lang="en" lang="en">
 <head>
  <title>
</title>
<meta http-equiv="Content-Type" content="text/html;charset=utf-8" />
  <meta name='ocr-system' content='tesseract 3.04.00' />
  <meta name='ocr-capabilities' content='ocr_page ocr_carea ocr_par ocr_line ocrx_word'/>
</head>
<body>
  <div class='ocr_page' id='page_1' title='image "./ungedrucktedomi01finkgoog_0135.png"; bbox 0 0 3505 5335; ppageno 0'>
   <div class='ocr_carea' id='block_1_1' title="bbox 442 329 2964 400">
    <p class='ocr_par' dir='ltr' id='par_1_1' title="bbox 442 329 2964 400">
     <span class='ocr_line' id='line_1_1' title="bbox 442 329 2964 400; baseline -0 -16"><span class='ocrx_word' id='word_1_1' title='bbox 442 331 486 400; x_wconf 90' lang='lat' dir='ltr'><strong>J.</strong></span> <span class='ocrx_word' id='word_1_2' title='bbox 535 332 680 383; x_wconf 81' lang='lat'>1288.</span> <span class='ocrx_word' id='word_1_3' title='bbox 1614 329 1801 384; x_wconf 89' lang='lat' dir='ltr'><strong>Briefe.</strong></span> <span class='ocrx_word' id='word_1_4' title='bbox 2851 335 2872 376; x_wconf 94' lang='lat' dir='ltr'>I</span> <span class='ocrx_word' id='word_1_5' title='bbox 2889 332 2964 396; x_wconf 81' lang='lat'><strong>23</strong></span> 
     </span>
    </p>
   </div>
   <div class='ocr_carea' id='block_1_2' title="bbox 444 487 2969 628">
    <p class='ocr_par' dir='ltr' id='par_1_2' title="bbox 444 487 2969 628">
     <span class='ocr_line' id='line_1_2' title="bbox 444 487 2969 558; baseline -0.001 -17"><span class='ocrx_word' id='word_1_6' title='bbox 444 489 619 558; x_wconf 83' lang='lat' dir='ltr'><strong>einige</strong></span> <span class='ocrx_word' id='word_1_7' title='bbox 668 488 899 541; x_wconf 89' lang='lat' dir='ltr'><strong>kleinere</strong></span> <span class='ocrx_word' id='word_1_8' title='bbox 937 488 1310 554; x_wconf 87' lang='lat' dir='ltr'><strong>Korrekturen,</strong></span> <span class='ocrx_word' id='word_1_9' title='bbox 1360 489 1484 541; x_wconf 85' lang='lat' dir='ltr'><strong>aber</strong></span> <span class='ocrx_word' id='word_1_10' title='bbox 1531 489 1706 558; x_wconf 91' lang='lat' dir='ltr'><strong>obige,</strong></span> <span class='ocrx_word' id='word_1_11' title='bbox 1746 506 1853 541; x_wconf 91' lang='lat' dir='ltr'><strong>von</strong></span> <span class='ocrx_word' id='word_1_12' title='bbox 1901 488 2178 542; x_wconf 87' lang='lat' dir='ltr'><strong>derselben</strong></span> <span class='ocrx_word' id='word_1_13' title='bbox 2216 487 2385 552; x_wconf 89' lang='lat' dir='ltr'>Hand,</span> <span class='ocrx_word' id='word_1_14' title='bbox 2434 488 2517 540; x_wconf 91' lang='lat' dir='ltr'><strong>die</strong></span> <span class='ocrx_word' id='word_1_15' title='bbox 2558 488 2657 540; x_wconf 89' lang='lat' dir='ltr'><strong>den</strong></span> <span class='ocrx_word' id='word_1_16' title='bbox 2698 487 2836 540; x_wconf 82' lang='lat' dir='ltr'><strong>Text</strong></span> <span class='ocrx_word' id='word_1_17' title='bbox 2875 504 2969 555; x_wconf 82' lang='lat' dir='ltr'><strong>ge-</strong></span> 
     </span>
     <span class='ocr_line' id='line_1_3' title="bbox 444 557 2390 628; baseline 0.001 -18"><span class='ocrx_word' id='word_1_18' title='bbox 444 559 735 625; x_wconf 86' lang='lat' dir='ltr'><strong>schrieben,</strong></span> <span class='ocrx_word' id='word_1_19' title='bbox 774 564 1026 628; x_wconf 74' lang='lat' dir='ltr'><strong>genugen</strong></span> <span class='ocrx_word' id='word_1_20' title='bbox 1064 576 1183 610; x_wconf 84' lang='lat' dir='ltr'><strong>zum</strong></span> <span class='ocrx_word' id='word_1_21' title='bbox 1224 559 1448 622; x_wconf 88' lang='lat' dir='ltr'><strong>Beweis‚</strong></span> <span class='ocrx_word' id='word_1_22' title='bbox 1489 557 1599 610; x_wconf 89' lang='lat' dir='ltr'><strong>dass</strong></span> <span class='ocrx_word' id='word_1_23' title='bbox 1639 558 1811 612; x_wconf 87' lang='lat' dir='ltr'><strong>dieser</strong></span> <span class='ocrx_word' id='word_1_24' title='bbox 1850 557 1997 611; x_wconf 91' lang='lat' dir='ltr'><strong>Brief</strong></span> <span class='ocrx_word' id='word_1_25' title='bbox 2027 559 2272 627; x_wconf 84' lang='lat' dir='ltr'><strong>Konzept</strong></span> <span class='ocrx_word' id='word_1_26' title='bbox 2310 559 2390 611; x_wconf 88' lang='lat' dir='ltr'><strong>ist.</strong></span> 
     </span>
    </p>
   </div>
   <div class='ocr_carea' id='block_1_3' title="bbox 864 669 1043 674">
    <p class='ocr_par' dir='ltr' id='par_1_3' title="bbox 864 669 1043 674">
     <span class='ocr_line' id='line_1_4' title="bbox 864 669 1043 674; baseline 0 0"><span class='ocrx_word' id='word_1_27' title='bbox 864 669 1043 674; x_wconf 95' lang='lat' dir='ltr'><strong> </strong></span> 
     </span>
    </p>
   </div>
   <div class='ocr_carea' id='block_1_4' title="bbox 484 668 862 677">
    <p class='ocr_par' dir='ltr' id='par_1_4' title="bbox 484 668 862 677">
     <span class='ocr_line' id='line_1_5' title="bbox 484 668 862 677; baseline 0 4658"><span class='ocrx_word' id='word_1_28' title='bbox 484 668 862 677; x_wconf 95' lang='lat' dir='ltr'><strong> </strong></span> 
     </span>
    </p>
   </div>
   <div class='ocr_carea' id='block_1_5' title="bbox 655 715 1779 939">
    <p class='ocr_par' dir='ltr' id='par_1_5' title="bbox 655 715 1779 939">
     <span class='ocr_line' id='line_1_6' title="bbox 655 715 923 784; baseline 0.007 -17"><span class='ocrx_word' id='word_1_29' title='bbox 655 715 766 769; x_wconf 88' lang='lat' dir='ltr'><strong>Fol.</strong></span> <span class='ocrx_word' id='word_1_30' title='bbox 811 733 827 767; x_wconf 93' lang='lat'>1</span> <span class='ocrx_word' id='word_1_31' title='bbox 847 730 923 784; x_wconf 85' lang='lat'><strong>54.</strong></span> 
     </span>
     <span class='ocr_line' id='line_1_7' title="bbox 1646 872 1779 939; baseline 0.008 -1"><span class='ocrx_word' id='word_1_32' title='bbox 1646 872 1779 939; x_wconf 81' lang='lat'>102.</span> 
     </span>
    </p>
   </div>
   <div class='ocr_carea' id='block_1_6' title="bbox 441 994 2972 1792">
    <p class='ocr_par' dir='ltr' id='par_1_6' title="bbox 441 994 2972 1792">
     <span class='ocr_line' id='line_1_8' title="bbox 657 994 2971 1087; baseline -0 -26"><span class='ocrx_word' id='word_1_33' title='bbox 657 994 1039 1083; x_wconf 60' lang='lat' dir='ltr'><strong>(Provinzial</strong></span> <span class='ocrx_word' id='word_1_34' title='bbox 1069 996 1421 1087; x_wconf 80' lang='lat' dir='ltr'><strong>Hermann)</strong></span> <span class='ocrx_word' id='word_1_35' title='bbox 1467 997 1722 1062; x_wconf 83' lang='lat' dir='ltr'><strong>schreibt</strong></span> <span class='ocrx_word' id='word_1_36' title='bbox 1770 1019 1850 1062; x_wconf 82' lang='lat' dir='ltr'><strong>an</strong></span> <span class='ocrx_word' id='word_1_37' title='bbox 1901 997 2078 1062; x_wconf 84' lang='lat' dir='ltr'><strong>Prior</strong></span> <span class='ocrx_word' id='word_1_38' title='bbox 2125 997 2251 1062; x_wconf 80' lang='lat' dir='ltr'><strong>und</strong></span> <span class='ocrx_word' id='word_1_39' title='bbox 2285 995 2573 1083; x_wconf 79' lang='lat' dir='ltr'><strong>Subprior</strong></span> <span class='ocrx_word' id='word_1_40' title='bbox 2620 998 2681 1059; x_wconf 83' lang='lat' dir='ltr'><strong>in</strong></span> <span class='ocrx_word' id='word_1_41' title='bbox 2712 995 2971 1062; x_wconf 72' lang='lat' dir='ltr'><strong>Ziirz&#39;ch:</strong></span> 
     </span>
     <span class='ocr_line' id='line_1_9' title="bbox 445 1081 2968 1171; baseline -0.001 -21"><span class='ocrx_word' id='word_1_42' title='bbox 445 1086 554 1150; x_wconf 82' lang='lat' dir='ltr'><strong>Da</strong></span> <span class='ocrx_word' id='word_1_43' title='bbox 584 1085 876 1151; x_wconf 83' lang='lat' dir='ltr'><strong>Berthold</strong></span> <span class='ocrx_word' id='word_1_44' title='bbox 898 1098 1171 1171; x_wconf 75' lang='lat' dir='ltr'><strong>genannt</strong></span> <span class='ocrx_word' id='word_1_45' title='bbox 1216 1084 1565 1164; x_wconf 87' lang='lat' dir='ltr'><strong>Torneator,</strong></span> <span class='ocrx_word' id='word_1_46' title='bbox 1614 1085 1919 1149; x_wconf 84' lang='lat' dir='ltr'><strong>Konverse</strong></span> <span class='ocrx_word' id='word_1_47' title='bbox 1950 1085 2045 1149; x_wconf 83' lang='lat' dir='ltr'><strong>bei</strong></span> <span class='ocrx_word' id='word_1_48' title='bbox 2086 1085 2199 1149; x_wconf 84' lang='lat' dir='ltr'><strong>den</strong></span> <span class='ocrx_word' id='word_1_49' title='bbox 2237 1084 2606 1150; x_wconf 84' lang='lat' dir='ltr'><strong>Schwestern</strong></span> <span class='ocrx_word' id='word_1_50' title='bbox 2654 1086 2715 1148; x_wconf 85' lang='lat' dir='ltr'><strong>in</strong></span> <span class='ocrx_word' id='word_1_51' title='bbox 2756 1081 2968 1150; x_wconf 84' lang='lat' dir='ltr'><strong>Otten-</strong></span> 
     </span>
     <span class='ocr_line' id='line_1_10' title="bbox 446 1171 2972 1261; baseline -0.001 -23"><span class='ocrx_word' id='word_1_52' title='bbox 446 1173 616 1253; x_wconf 85' lang='lat' dir='ltr'><strong>bach,</strong></span> <span class='ocrx_word' id='word_1_53' title='bbox 665 1186 820 1259; x_wconf 62' lang='lat' dir='ltr'><strong>trotz</strong></span> <span class='ocrx_word' id='word_1_54' title='bbox 849 1175 1043 1239; x_wconf 82' lang='lat' dir='ltr'><strong>seiner</strong></span> <span class='ocrx_word' id='word_1_55' title='bbox 1074 1173 1552 1258; x_wconf 79' lang='lat' dir='ltr'><strong>Ermahnnngen</strong></span> <span class='ocrx_word' id='word_1_56' title='bbox 1583 1173 1707 1238; x_wconf 84' lang='lat' dir='ltr'><strong>sich</strong></span> <span class='ocrx_word' id='word_1_57' title='bbox 1739 1172 1903 1238; x_wconf 88' lang='lat' dir='ltr'><strong>nicht</strong></span> <span class='ocrx_word' id='word_1_58' title='bbox 1949 1172 2270 1261; x_wconf 73' lang='lat' dir='ltr'><strong>bemiissigt</strong></span> <span class='ocrx_word' id='word_1_59' title='bbox 2308 1171 2577 1258; x_wconf 76' lang='lat' dir='ltr'><strong>geschen,</strong></span> <span class='ocrx_word' id='word_1_60' title='bbox 2612 1171 2717 1237; x_wconf 82' lang='lat' dir='ltr'><strong>der</strong></span> <span class='ocrx_word' id='word_1_61' title='bbox 2747 1172 2972 1258; x_wconf 77' lang='lat' dir='ltr'><strong>Begine</strong></span> 
     </span>
     <span class='ocr_line' id='line_1_11' title="bbox 450 1258 2966 1349; baseline -0.001 -23"><span class='ocrx_word' id='word_1_62' title='bbox 450 1261 779 1327; x_wconf 81' lang='lat' dir='ltr'><strong>Schwester</strong></span> <span class='ocrx_word' id='word_1_63' title='bbox 824 1262 1029 1349; x_wconf 80' lang='lat' dir='ltr'><em>Agnes</em></span> <span class='ocrx_word' id='word_1_64' title='bbox 1075 1261 1381 1348; x_wconf 77' lang='lat' dir='ltr'><strong>Zigelerin</strong></span> <span class='ocrx_word' id='word_1_65' title='bbox 1429 1263 1491 1326; x_wconf 87' lang='lat' dir='ltr'><strong>in</strong></span> <span class='ocrx_word' id='word_1_66' title='bbox 1540 1259 1840 1346; x_wconf 76' lang='lat' dir='ltr'><strong>Freiburg</strong></span> <span class='ocrx_word' id='word_1_67' title='bbox 1885 1261 1995 1325; x_wconf 85' lang='lat' dir='ltr'><strong>das</strong></span> <span class='ocrx_word' id='word_1_68' title='bbox 2039 1283 2155 1325; x_wconf 89' lang='lat' dir='ltr'><strong>von</strong></span> <span class='ocrx_word' id='word_1_69' title='bbox 2204 1260 2299 1325; x_wconf 88' lang='lat' dir='ltr'><strong>ihr</strong></span> <span class='ocrx_word' id='word_1_70' title='bbox 2350 1259 2666 1325; x_wconf 83' lang='lat' dir='ltr'><strong>Geliehene</strong></span> <span class='ocrx_word' id='word_1_71' title='bbox 2711 1258 2966 1345; x_wconf 62' lang='lat' dir='ltr'><strong>zuriick-</strong></span> 
     </span>
     <span class='ocr_line' id='line_1_12' title="bbox 442 1346 2970 1437; baseline -0.001 -22"><span class='ocrx_word' id='word_1_72' title='bbox 442 1362 840 1432; x_wconf 53' lang='lat' dir='ltr'><strong>zuerstatten,</strong></span> <span class='ocrx_word' id='word_1_73' title='bbox 905 1373 969 1416; x_wconf 89' lang='lat' dir='ltr'><strong>so</strong></span> <span class='ocrx_word' id='word_1_74' title='bbox 1027 1348 1387 1437; x_wconf 78' lang='lat' dir='ltr'><strong>beauftrage</strong></span> <span class='ocrx_word' id='word_1_75' title='bbox 1433 1373 1497 1413; x_wconf 85' lang='lat' dir='ltr'><strong>er</strong></span> <span class='ocrx_word' id='word_1_76' title='bbox 1556 1351 1669 1429; x_wconf 84' lang='lat' dir='ltr'><strong>sie,</strong></span> <span class='ocrx_word' id='word_1_77' title='bbox 1735 1349 1879 1435; x_wconf 85' lang='lat' dir='ltr'><strong>dass</strong></span> <span class='ocrx_word' id='word_1_78' title='bbox 1934 1350 2018 1413; x_wconf 87' lang='lat' dir='ltr'><strong>sie</strong></span> <span class='ocrx_word' id='word_1_79' title='bbox 2074 1347 2391 1413; x_wconf 84' lang='lat' dir='ltr'><strong>innerhalb</strong></span> <span class='ocrx_word' id='word_1_80' title='bbox 2457 1370 2536 1432; x_wconf 85' lang='lat'><strong>14</strong></span> <span class='ocrx_word' id='word_1_81' title='bbox 2607 1346 2812 1434; x_wconf 81' lang='lat' dir='ltr'><em>Tagen</em></span> <span class='ocrx_word' id='word_1_82' title='bbox 2877 1347 2970 1412; x_wconf 80' lang='lat' dir='ltr'><strong>die</strong></span> 
     </span>
     <span class='ocr_line' id='line_1_13' title="bbox 443 1435 2967 1588; baseline -0.001 -85"><span class='ocrx_word' id='word_1_83' title='bbox 443 1438 684 1503; x_wconf 85' lang='lat' dir='ltr'><strong>Priorin</strong></span> <span class='ocrx_word' id='word_1_84' title='bbox 748 1461 864 1503; x_wconf 85' lang='lat' dir='ltr'><strong>von</strong></span> <span class='ocrx_word' id='word_1_85' title='bbox 932 1435 1269 1504; x_wconf 85' lang='lat' dir='ltr'><strong>Ottenbach</strong></span> <span class='ocrx_word' id='word_1_86' title='bbox 1334 1437 1427 1502; x_wconf 80' lang='lat' dir='ltr'><strong>bei</strong></span> <span class='ocrx_word' id='word_1_87' title='bbox 1484 1436 1691 1524; x_wconf 84' lang='lat' dir='ltr'><strong>Strafe</strong></span> <span class='ocrx_word' id='word_1_88' title='bbox 1756 1437 1862 1501; x_wconf 84' lang='lat' dir='ltr'><strong>der</strong></span> <span class='ocrx_word' id='word_1_89' title='bbox 1928 1436 2282 1523; x_wconf 82' lang='lat' dir='ltr'><strong>Suspension</strong></span> <span class='ocrx_word' id='word_1_90' title='bbox 2340 1435 2791 1588; x_wconf 69' lang='lat' dir='ltr'><strong>veranlalssten,</strong></span> <span class='ocrx_word' id='word_1_91' title='bbox 2857 1436 2967 1501; x_wconf 83' lang='lat' dir='ltr'><strong>den</strong></span> 
     </span>
     <span class='ocr_line' id='line_1_14' title="bbox 442 1522 2971 1612; baseline -0.001 -21"><span class='ocrx_word' id='word_1_92' title='bbox 442 1526 786 1591; x_wconf 81' lang='lat' dir='ltr'><strong>Konversen</strong></span> <span class='ocrx_word' id='word_1_93' title='bbox 829 1527 1136 1612; x_wconf 79' lang='lat' dir='ltr'><strong>gesangen</strong></span> <span class='ocrx_word' id='word_1_94' title='bbox 1181 1548 1258 1609; x_wconf 61' lang='lat' dir='ltr'><strong>zu</strong></span> <span class='ocrx_word' id='word_1_95' title='bbox 1288 1537 1482 1610; x_wconf 61' lang='lat' dir='ltr'><strong>setzen</strong></span> <span class='ocrx_word' id='word_1_96' title='bbox 1530 1527 1639 1589; x_wconf 86' lang='lat' dir='ltr'><strong>mit</strong></span> <span class='ocrx_word' id='word_1_97' title='bbox 1668 1524 2048 1612; x_wconf 77' lang='lat' dir='ltr'><strong>Fussfhsseln</strong></span> <span class='ocrx_word' id='word_1_98' title='bbox 2093 1525 2221 1589; x_wconf 87' lang='lat' dir='ltr'><strong>und</strong></span> <span class='ocrx_word' id='word_1_99' title='bbox 2252 1522 2577 1589; x_wconf 82' lang='lat' dir='ltr'><strong>Handsche</strong></span> <span class='ocrx_word' id='word_1_100' title='bbox 2608 1524 2723 1604; x_wconf 85' lang='lat' dir='ltr'><strong>len,</strong></span> <span class='ocrx_word' id='word_1_101' title='bbox 2773 1524 2861 1590; x_wconf 84' lang='lat' dir='ltr'><strong>bis</strong></span> <span class='ocrx_word' id='word_1_102' title='bbox 2907 1547 2971 1588; x_wconf 81' lang='lat' dir='ltr'><strong>er</strong></span> 
     </span>
     <span class='ocr_line' id='line_1_15' title="bbox 441 1609 2969 1698; baseline -0.001 -20"><span class='ocrx_word' id='word_1_103' title='bbox 441 1614 553 1678; x_wconf 84' lang='lat' dir='ltr'><strong>den</strong></span> <span class='ocrx_word' id='word_1_104' title='bbox 601 1613 816 1698; x_wconf 56' lang='lat' dir='ltr'><strong>letzten</strong></span> <span class='ocrx_word' id='word_1_105' title='bbox 847 1612 1065 1678; x_wconf 85' lang='lat' dir='ltr'><strong>Heller</strong></span> <span class='ocrx_word' id='word_1_106' title='bbox 1110 1611 1392 1697; x_wconf 63' lang='lat' dir='ltr'><strong>hezahle;</strong></span> <span class='ocrx_word' id='word_1_107' title='bbox 1437 1611 1588 1677; x_wconf 86' lang='lat' dir='ltr'><strong>habe</strong></span> <span class='ocrx_word' id='word_1_108' title='bbox 1634 1636 1698 1677; x_wconf 86' lang='lat' dir='ltr'><strong>er</strong></span> <span class='ocrx_word' id='word_1_109' title='bbox 1745 1613 1890 1677; x_wconf 82' lang='lat' dir='ltr'><strong>aber</strong></span> <span class='ocrx_word' id='word_1_110' title='bbox 1923 1613 2131 1693; x_wconf 84' lang='lat' dir='ltr'><strong>nichts,</strong></span> <span class='ocrx_word' id='word_1_111' title='bbox 2176 1635 2240 1678; x_wconf 89' lang='lat' dir='ltr'><strong>so</strong></span> <span class='ocrx_word' id='word_1_112' title='bbox 2271 1619 2463 1677; x_wconf 70' lang='lat' dir='ltr'><strong>milsse</strong></span> <span class='ocrx_word' id='word_1_113' title='bbox 2497 1611 2598 1676; x_wconf 84' lang='lat' dir='ltr'><strong>KZ.</strong></span> <span class='ocrx_word' id='word_1_114' title='bbox 2635 1609 2969 1677; x_wconf 84' lang='lat' dir='ltr'><strong>Ottenbach</strong></span> 
     </span>
     <span class='ocr_line' id='line_1_16' title="bbox 444 1696 2155 1792; baseline -0.002 -22"><span class='ocrx_word' id='word_1_115' title='bbox 444 1703 550 1770; x_wconf 70' lang='lat' dir='ltr'><strong>er</strong></span> <span class='ocrx_word' id='word_1_116' title='bbox 596 1701 697 1766; x_wconf 86' lang='lat' dir='ltr'><strong>ihn</strong></span> <span class='ocrx_word' id='word_1_117' title='bbox 747 1703 1050 1765; x_wconf 83' lang='lat' dir='ltr'><strong>eintreten.</strong></span> <span class='ocrx_word' id='word_1_118' title='bbox 1142 1700 1448 1765; x_wconf 84' lang='lat' dir='ltr'><strong>Breisach.</strong></span> <span class='ocrx_word' id='word_1_119' title='bbox 1544 1696 1743 1786; x_wconf 83' lang='lat'><em>(1289</em></span> <span class='ocrx_word' id='word_1_120' title='bbox 1794 1701 2155 1792; x_wconf 75' lang='lat' dir='ltr'><strong>Friihjahr.)</strong></span> 
     </span>
    </p>
   </div>
   <div class='ocr_carea' id='block_1_7' title="bbox 906 1829 1039 1834">
    <p class='ocr_par' dir='ltr' id='par_1_7' title="bbox 906 1829 1039 1834">
     <span class='ocr_line' id='line_1_17' title="bbox 906 1829 1039 1834; baseline 0 0"><span class='ocrx_word' id='word_1_121' title='bbox 906 1829 1039 1834; x_wconf 95' lang='lat' dir='ltr'><strong> </strong></span> 
     </span>
    </p>
   </div>
   <div class='ocr_carea' id='block_1_8' title="bbox 442 1866 2970 2121">
    <p class='ocr_par' dir='ltr' id='par_1_8' title="bbox 442 1866 2970 2121">
     <span class='ocr_line' id='line_1_18' title="bbox 654 1866 2968 1942; baseline -0 -15"><span class='ocrx_word' id='word_1_122' title='bbox 654 1875 763 1929; x_wconf 87' lang='lat' dir='ltr'><strong>Fol.</strong></span> <span class='ocrx_word' id='word_1_123' title='bbox 808 1876 904 1942; x_wconf 83' lang='lat'><strong>158</strong></span> <span class='ocrx_word' id='word_1_124' title='bbox 923 1887 974 1928; x_wconf 77' lang='lat' dir='ltr'><strong>V.</strong></span> <span class='ocrx_word' id='word_1_125' title='bbox 1051 1866 1194 1929; x_wconf 81' lang='lat' dir='ltr'><strong>Uber</strong></span> <span class='ocrx_word' id='word_1_126' title='bbox 1233 1875 1448 1928; x_wconf 87' lang='lat' dir='ltr'><strong>Kloster</strong></span> <span class='ocrx_word' id='word_1_127' title='bbox 1487 1875 1790 1929; x_wconf 86' lang='lat' dir='ltr'><strong>Ottenbach</strong></span> <span class='ocrx_word' id='word_1_128' title='bbox 1839 1875 2002 1928; x_wconf 86' lang='lat' dir='ltr'><strong>findet</strong></span> <span class='ocrx_word' id='word_1_129' title='bbox 2053 1876 2166 1929; x_wconf 89' lang='lat' dir='ltr'><strong>sich</strong></span> <span class='ocrx_word' id='word_1_130' title='bbox 2206 1875 2315 1929; x_wconf 87' lang='lat' dir='ltr'><strong>Fol.</strong></span> <span class='ocrx_word' id='word_1_131' title='bbox 2357 1891 2424 1929; x_wconf 88' lang='lat'><strong>20</strong></span> <span class='ocrx_word' id='word_1_132' title='bbox 2472 1878 2588 1928; x_wconf 88' lang='lat' dir='ltr'><strong>eine</strong></span> <span class='ocrx_word' id='word_1_133' title='bbox 2628 1877 2784 1928; x_wconf 84' lang='lat' dir='ltr'><strong>Notiz</strong></span> <span class='ocrx_word' id='word_1_134' title='bbox 2843 1876 2968 1927; x_wconf 75' lang='lat' dir='ltr'><strong>&#39;tiber</strong></span> 
     </span>
     <span class='ocr_line' id='line_1_19' title="bbox 444 1962 2970 2031; baseline 0 -17"><span class='ocrx_word' id='word_1_135' title='bbox 444 1963 744 2016; x_wconf 76' lang='lat' dir='ltr'><strong>Aufnahme</strong></span> <span class='ocrx_word' id='word_1_136' title='bbox 785 1964 929 2016; x_wconf 89' lang='lat' dir='ltr'><strong>einer</strong></span> <span class='ocrx_word' id='word_1_137' title='bbox 954 1964 1273 2016; x_wconf 85' lang='lat' dir='ltr'><strong>Schwester.</strong></span> <span class='ocrx_word' id='word_1_138' title='bbox 1350 1965 1470 2031; x_wconf 81' lang='lat' dir='ltr'><strong>Vgl.</strong></span> <span class='ocrx_word' id='word_1_139' title='bbox 1511 1964 1645 2016; x_wconf 85' lang='lat' dir='ltr'><strong>auch</strong></span> <span class='ocrx_word' id='word_1_140' title='bbox 1670 1963 1881 2016; x_wconf 86' lang='lat' dir='ltr'><strong>Denifle</strong></span> <span class='ocrx_word' id='word_1_141' title='bbox 1920 1966 1970 2016; x_wconf 91' lang='lat' dir='ltr'><strong>in</strong></span> <span class='ocrx_word' id='word_1_142' title='bbox 2002 1964 2197 2017; x_wconf 87' lang='lat' dir='ltr'><strong>Archiv</strong></span> <span class='ocrx_word' id='word_1_143' title='bbox 2237 1963 2317 2016; x_wconf 74' lang='lat' dir='ltr'><strong>ffir</strong></span> <span class='ocrx_word' id='word_1_144' title='bbox 2345 1963 2463 2017; x_wconf 88' lang='lat' dir='ltr'><strong>Litt.</strong></span> <span class='ocrx_word' id='word_1_145' title='bbox 2495 1963 2600 2016; x_wconf 88' lang='lat' dir='ltr'><strong>und</strong></span> <span class='ocrx_word' id='word_1_146' title='bbox 2626 1963 2742 2017; x_wconf 83' lang='lat' dir='ltr'><strong>KG.</strong></span> <span class='ocrx_word' id='word_1_147' title='bbox 2771 1964 2835 2029; x_wconf 90' lang='grc' dir='ltr'><strong>ΙΙ,</strong></span> <span class='ocrx_word' id='word_1_148' title='bbox 2866 1962 2970 2027; x_wconf 81' lang='lat'><strong>644</strong></span> 
     </span>
     <span class='ocr_line' id='line_1_20' title="bbox 442 2052 874 2121; baseline 0.005 -19"><span class='ocrx_word' id='word_1_149' title='bbox 442 2052 790 2121; x_wconf 70' lang='lat' dir='ltr'><strong>Anmerkung</strong></span> <span class='ocrx_word' id='word_1_150' title='bbox 832 2068 874 2104; x_wconf 90' lang='lat'><strong>1.</strong></span> 
     </span>
    </p>
   </div>
   <div class='ocr_carea' id='block_1_9' title="bbox 1647 2191 1779 2258">
    <p class='ocr_par' dir='ltr' id='par_1_9' title="bbox 1647 2191 1779 2258">
     <span class='ocr_line' id='line_1_21' title="bbox 1647 2191 1779 2258; baseline -0.015 0"><span class='ocrx_word' id='word_1_151' title='bbox 1647 2191 1779 2258; x_wconf 80' lang='lat'>103.</span> 
     </span>
    </p>
   </div>
   <div class='ocr_carea' id='block_1_10' title="bbox 351 2315 2970 4709">
    <p class='ocr_par' dir='ltr' id='par_1_10' title="bbox 440 2315 2963 2494">
     <span class='ocr_line' id='line_1_22' title="bbox 652 2315 2963 2406; baseline -0 -24"><span class='ocrx_word' id='word_1_152' title='bbox 652 2317 1173 2404; x_wconf 59' lang='lat' dir='ltr'><strong>Pro-vinzialprior</strong></span> <span class='ocrx_word' id='word_1_153' title='bbox 1222 2315 1602 2406; x_wconf 77' lang='lat' dir='ltr'><strong>(Hermann)</strong></span> <span class='ocrx_word' id='word_1_154' title='bbox 1661 2317 1828 2381; x_wconf 84' lang='lat' dir='ltr'><strong>bittet</strong></span> <span class='ocrx_word' id='word_1_155' title='bbox 1873 2316 2051 2382; x_wconf 84' lang='lat' dir='ltr'><strong>Prior</strong></span> <span class='ocrx_word' id='word_1_156' title='bbox 2098 2317 2224 2381; x_wconf 82' lang='lat' dir='ltr'><strong>und</strong></span> <span class='ocrx_word' id='word_1_157' title='bbox 2270 2316 2489 2381; x_wconf 82' lang='lat' dir='ltr'><strong>Lektor</strong></span> <span class='ocrx_word' id='word_1_158' title='bbox 2536 2319 2599 2381; x_wconf 86' lang='lat' dir='ltr'><strong>in</strong></span> <span class='ocrx_word' id='word_1_159' title='bbox 2647 2315 2963 2403; x_wconf 75' lang='lat' dir='ltr'><strong>Freiburg,</strong></span> 
     </span>
     <span class='ocr_line' id='line_1_23' title="bbox 440 2402 2676 2494; baseline 0 -26"><span class='ocrx_word' id='word_1_160' title='bbox 440 2405 571 2469; x_wconf 86' lang='lat' dir='ltr'><strong>dem</strong></span> <span class='ocrx_word' id='word_1_161' title='bbox 619 2403 901 2491; x_wconf 81' lang='lat' dir='ltr'><strong>Zofinger</strong></span> <span class='ocrx_word' id='word_1_162' title='bbox 948 2405 1186 2470; x_wconf 86' lang='lat' dir='ltr'><strong>Kloster</strong></span> <span class='ocrx_word' id='word_1_163' title='bbox 1238 2404 1398 2487; x_wconf 69' lang='lat' dir='ltr'><strong>Gela¹</strong></span> <span class='ocrx_word' id='word_1_164' title='bbox 1440 2429 1518 2490; x_wconf 64' lang='lat' dir='ltr'><strong>zu</strong></span> <span class='ocrx_word' id='word_1_165' title='bbox 1563 2403 1956 2492; x_wconf 80' lang='lat' dir='ltr'><strong>verschaffen.</strong></span> <span class='ocrx_word' id='word_1_166' title='bbox 2051 2404 2328 2469; x_wconf 85' lang='lat' dir='ltr'><strong>Kolmar.</strong></span> <span class='ocrx_word' id='word_1_167' title='bbox 2424 2402 2676 2494; x_wconf 81' lang='lat'><em>(1288.)</em></span> 
     </span>
    </p>

    <p class='ocr_par' dir='ltr' id='par_1_11' title="bbox 351 2508 2970 4709">
     <span class='ocr_line' id='line_1_24' title="bbox 651 2508 2968 2595; baseline 0.001 -22"><span class='ocrx_word' id='word_1_168' title='bbox 651 2510 851 2575; x_wconf 91' lang='lat' dir='ltr'><strong>Priori</strong></span> <span class='ocrx_word' id='word_1_169' title='bbox 901 2522 961 2576; x_wconf 91' lang='lat' dir='ltr'><strong>et</strong></span> <span class='ocrx_word' id='word_1_170' title='bbox 1007 2508 1229 2576; x_wconf 90' lang='lat' dir='ltr'><strong>lectori</strong></span> <span class='ocrx_word' id='word_1_171' title='bbox 1276 2508 1792 2595; x_wconf 85' lang='lat' dir='ltr'><strong>Friburgensibus</strong></span> <span class='ocrx_word' id='word_1_172' title='bbox 1843 2509 2260 2595; x_wconf 64' lang='lat' dir='ltr'><strong>provincialis</strong></span> <span class='ocrx_word' id='word_1_173' title='bbox 2356 2511 2520 2576; x_wconf 87' lang='lat' dir='ltr'><strong>Cum</strong></span> <span class='ocrx_word' id='word_1_174' title='bbox 2571 2521 2802 2576; x_wconf 88' lang='lat' dir='ltr'><strong>statum</strong></span> <span class='ocrx_word' id='word_1_175' title='bbox 2851 2512 2968 2576; x_wconf 90' lang='lat' dir='ltr'><strong>Zo-</strong></span> 
     </span>
     <span class='ocr_line' id='line_1_25' title="bbox 440 2596 2967 2686; baseline 0.001 -24"><span class='ocrx_word' id='word_1_176' title='bbox 440 2598 841 2685; x_wconf 85' lang='lat' dir='ltr'><strong>vingensium</strong></span> <span class='ocrx_word' id='word_1_177' title='bbox 890 2597 1148 2664; x_wconf 87' lang='lat' dir='ltr'><strong>fratrum</strong></span> <span class='ocrx_word' id='word_1_178' title='bbox 1198 2597 1557 2679; x_wconf 84' lang='lat' dir='ltr'><strong>considerO,</strong></span> <span class='ocrx_word' id='word_1_179' title='bbox 1605 2609 1806 2664; x_wconf 90' lang='lat' dir='ltr'><strong>tactus</strong></span> <span class='ocrx_word' id='word_1_180' title='bbox 1850 2596 2071 2663; x_wconf 90' lang='lat' dir='ltr'><strong>dolore</strong></span> <span class='ocrx_word' id='word_1_181' title='bbox 2120 2597 2325 2664; x_wconf 88' lang='lat' dir='ltr'><strong>cordis</strong></span> <span class='ocrx_word' id='word_1_182' title='bbox 2372 2599 2745 2664; x_wconf 88' lang='lat' dir='ltr'><strong>intrinsecus</strong></span> <span class='ocrx_word' id='word_1_183' title='bbox 2792 2599 2967 2686; x_wconf 89' lang='lat' dir='ltr'><strong>inge-</strong></span> 
     </span>
     <span class='ocr_line' id='line_1_26' title="bbox 441 2685 2968 2775; baseline 0.001 -25"><span class='ocrx_word' id='word_1_184' title='bbox 441 2687 641 2752; x_wconf 87' lang='lat' dir='ltr'><strong>misco</strong></span> <span class='ocrx_word' id='word_1_185' title='bbox 691 2710 988 2768; x_wconf 80' lang='lat' dir='ltr'><strong>cernenS,</strong></span> <span class='ocrx_word' id='word_1_186' title='bbox 1052 2685 1226 2775; x_wconf 91' lang='lat' dir='ltr'><strong>quod</strong></span> <span class='ocrx_word' id='word_1_187' title='bbox 1271 2689 1336 2752; x_wconf 91' lang='lat' dir='ltr'><strong>in</strong></span> <span class='ocrx_word' id='word_1_188' title='bbox 1383 2686 1566 2753; x_wconf 90' lang='lat' dir='ltr'><strong>nobis</strong></span> <span class='ocrx_word' id='word_1_189' title='bbox 1613 2685 1979 2753; x_wconf 86' lang='lat' dir='ltr'><strong>lamentatio</strong></span> <span class='ocrx_word' id='word_1_190' title='bbox 2030 2699 2091 2754; x_wconf 90' lang='lat' dir='ltr'><strong>et</strong></span> <span class='ocrx_word' id='word_1_191' title='bbox 2137 2711 2213 2754; x_wconf 88' lang='lat' dir='ltr'><strong>ve</strong></span> <span class='ocrx_word' id='word_1_192' title='bbox 2275 2689 2410 2753; x_wconf 89' lang='lat' dir='ltr'><strong>sine</strong></span> <span class='ocrx_word' id='word_1_193' title='bbox 2458 2688 2734 2753; x_wconf 86' lang='lat' dir='ltr'><strong>carmine</strong></span> <span class='ocrx_word' id='word_1_194' title='bbox 2783 2710 2968 2753; x_wconf 90' lang='lat' dir='ltr'><strong>reno-</strong></span> 
     </span>
     <span class='ocr_line' id='line_1_27' title="bbox 439 2774 2968 2856; baseline 0 -16"><span class='ocrx_word' id='word_1_195' title='bbox 439 2786 645 2855; x_wconf 89' lang='lat' dir='ltr'><strong>vatur,</strong></span> <span class='ocrx_word' id='word_1_196' title='bbox 703 2799 846 2841; x_wconf 91' lang='lat' dir='ltr'><strong>cum</strong></span> <span class='ocrx_word' id='word_1_197' title='bbox 909 2775 1219 2842; x_wconf 88' lang='lat' dir='ltr'><strong>hereditas</strong></span> <span class='ocrx_word' id='word_1_198' title='bbox 1279 2774 1516 2842; x_wconf 89' lang='lat' dir='ltr'><strong>ordinis</strong></span> <span class='ocrx_word' id='word_1_199' title='bbox 1579 2774 1655 2841; x_wconf 87' lang='lat' dir='ltr'><strong>ad</strong></span> <span class='ocrx_word' id='word_1_200' title='bbox 1702 2774 1943 2841; x_wconf 89' lang='lat' dir='ltr'><strong>alienos</strong></span> <span class='ocrx_word' id='word_1_201' title='bbox 1999 2776 2288 2856; x_wconf 87' lang='lat' dir='ltr'><strong>vertitur,</strong></span> <span class='ocrx_word' id='word_1_202' title='bbox 2347 2774 2577 2841; x_wconf 89' lang='lat' dir='ltr'><strong>domus</strong></span> <span class='ocrx_word' id='word_1_203' title='bbox 2626 2786 2839 2841; x_wconf 88' lang='lat' dir='ltr'><strong>nostra</strong></span> <span class='ocrx_word' id='word_1_204' title='bbox 2893 2776 2968 2841; x_wconf 92' lang='lat' dir='ltr'><strong>ab</strong></span> 
     </span>
     <span class='ocr_line' id='line_1_28' title="bbox 444 2861 2970 2950; baseline 0 -22"><span class='ocrx_word' id='word_1_205' title='bbox 444 2865 752 2929; x_wconf 85' lang='lat' dir='ltr'><strong>extraneis</strong></span> <span class='ocrx_word' id='word_1_206' title='bbox 809 2863 1186 2950; x_wconf 90' lang='lat' dir='ltr'><strong>possidetur.</strong></span> <span class='ocrx_word' id='word_1_207' title='bbox 1280 2865 1611 2930; x_wconf 88' lang='lat' dir='ltr'><strong>Venerunt</strong></span> <span class='ocrx_word' id='word_1_208' title='bbox 1667 2861 1776 2928; x_wconf 90' lang='lat' dir='ltr'><strong>filii</strong></span> <span class='ocrx_word' id='word_1_209' title='bbox 1825 2862 1901 2929; x_wconf 89' lang='lat' dir='ltr'><strong>ad</strong></span> <span class='ocrx_word' id='word_1_210' title='bbox 1957 2875 2202 2950; x_wconf 88' lang='lat' dir='ltr'><strong>partum</strong></span> <span class='ocrx_word' id='word_1_211' title='bbox 2251 2875 2313 2930; x_wconf 90' lang='lat' dir='ltr'><strong>et</strong></span> <span class='ocrx_word' id='word_1_212' title='bbox 2359 2865 2521 2929; x_wconf 89' lang='lat' dir='ltr'><strong>vires</strong></span> <span class='ocrx_word' id='word_1_213' title='bbox 2579 2886 2710 2929; x_wconf 93' lang='lat' dir='ltr'><strong>non</strong></span> <span class='ocrx_word' id='word_1_214' title='bbox 2757 2863 2970 2930; x_wconf 89' lang='lat' dir='ltr'><strong>habuit</strong></span> 
     </span>
     <span class='ocr_line' id='line_1_29' title="bbox 351 2951 2967 3040; baseline 0 -25"><span class='ocrx_word' id='word_1_215' title='bbox 351 2969 355 2974; x_wconf 84' lang='lat'><em>·</em></span> <span class='ocrx_word' id='word_1_216' title='bbox 440 2953 807 3035; x_wconf 79' lang='lat' dir='ltr'><strong>parturienS‚</strong></span> <span class='ocrx_word' id='word_1_217' title='bbox 852 2965 915 3019; x_wconf 91' lang='lat' dir='ltr'><strong>et</strong></span> <span class='ocrx_word' id='word_1_218' title='bbox 946 2954 1050 3040; x_wconf 89' lang='lat' dir='ltr'><strong>qui</strong></span> <span class='ocrx_word' id='word_1_219' title='bbox 1077 2951 1154 3017; x_wconf 91' lang='lat' dir='ltr'><strong>de</strong></span> <span class='ocrx_word' id='word_1_220' title='bbox 1187 2951 1516 3039; x_wconf 90' lang='lat' dir='ltr'><strong>profundis</strong></span> <span class='ocrx_word' id='word_1_221' title='bbox 1550 2953 2016 3032; x_wconf 81' lang='lat' dir='ltr'><strong>emerserimuS,</strong></span> <span class='ocrx_word' id='word_1_222' title='bbox 2049 2951 2222 3017; x_wconf 89' lang='lat' dir='ltr'><strong>nullo</strong></span> <span class='ocrx_word' id='word_1_223' title='bbox 2255 2951 2664 3017; x_wconf 83' lang='lat' dir='ltr'><strong>submittente</strong></span> <span class='ocrx_word' id='word_1_224' title='bbox 2695 2951 2967 3017; x_wconf 89' lang='lat' dir='ltr'><strong>tabulam</strong></span> 
     </span>
     <span class='ocr_line' id='line_1_30' title="bbox 442 3037 2968 3126; baseline 0.001 -25"><span class='ocrx_word' id='word_1_225' title='bbox 442 3040 789 3123; x_wconf 84' lang='lat' dir='ltr'><strong>mergimur</strong></span> <span class='ocrx_word' id='word_1_226' title='bbox 858 3042 1025 3105; x_wconf 87' lang='lat' dir='ltr'><strong>iuxta</strong></span> <span class='ocrx_word' id='word_1_227' title='bbox 1092 3040 1254 3105; x_wconf 77' lang='lat' dir='ltr'><strong>litus,</strong></span> <span class='ocrx_word' id='word_1_228' title='bbox 1358 3038 1742 3124; x_wconf 80' lang='lat' dir='ltr'><strong>IntelligitiS,</strong></span> <span class='ocrx_word' id='word_1_229' title='bbox 1814 3063 1934 3126; x_wconf 90' lang='lat' dir='ltr'><strong>que</strong></span> <span class='ocrx_word' id='word_1_230' title='bbox 2005 3037 2168 3105; x_wconf 87' lang='lat' dir='ltr'><strong>dico.</strong></span> <span class='ocrx_word' id='word_1_231' title='bbox 2284 3038 2479 3105; x_wconf 88' lang='lat' dir='ltr'><strong>Dedit</strong></span> <span class='ocrx_word' id='word_1_232' title='bbox 2548 3041 2720 3105; x_wconf 89' lang='lat' dir='ltr'><strong>enim</strong></span> <span class='ocrx_word' id='word_1_233' title='bbox 2787 3039 2968 3106; x_wconf 85' lang='lat' dir='ltr'><strong>vobis</strong></span> 
     </span>
     <span class='ocr_line' id='line_1_31' title="bbox 442 3124 2967 3193; baseline 0.001 -4"><span class='ocrx_word' id='word_1_234' title='bbox 442 3124 739 3191; x_wconf 89' lang='lat' dir='ltr'><strong>dominus</strong></span> <span class='ocrx_word' id='word_1_235' title='bbox 802 3129 864 3192; x_wconf 88' lang='lat' dir='ltr'><strong>in</strong></span> <span class='ocrx_word' id='word_1_236' title='bbox 927 3126 1223 3192; x_wconf 89' lang='lat' dir='ltr'><strong>omnibus</strong></span> <span class='ocrx_word' id='word_1_237' title='bbox 1288 3127 1695 3192; x_wconf 89' lang='lat' dir='ltr'><strong>intellectum.</strong></span> <span class='ocrx_word' id='word_1_238' title='bbox 1807 3128 1972 3192; x_wconf 90' lang='lat' dir='ltr'><strong>Nam</strong></span> <span class='ocrx_word' id='word_1_239' title='bbox 2040 3150 2185 3193; x_wconf 89' lang='lat' dir='ltr'><strong>cum</strong></span> <span class='ocrx_word' id='word_1_240' title='bbox 2248 3125 2393 3193; x_wconf 89' lang='lat' dir='ltr'><strong>dicti</strong></span> <span class='ocrx_word' id='word_1_241' title='bbox 2456 3126 2674 3193; x_wconf 89' lang='lat' dir='ltr'><strong>fratres</strong></span> <span class='ocrx_word' id='word_1_242' title='bbox 2744 3126 2967 3193; x_wconf 82' lang='lat' dir='ltr'><strong>multas</strong></span> 
     </span>
     <span class='ocr_line' id='line_1_32' title="bbox 441 3212 2966 3301; baseline 0.001 -23"><span class='ocrx_word' id='word_1_243' title='bbox 441 3214 735 3297; x_wconf 81' lang='lat' dir='ltr'><strong>pecunias</strong></span> <span class='ocrx_word' id='word_1_244' title='bbox 769 3213 1120 3295; x_wconf 90' lang='lat' dir='ltr'><strong>effuderint,</strong></span> <span class='ocrx_word' id='word_1_245' title='bbox 1171 3213 1582 3280; x_wconf 86' lang='lat' dir='ltr'><strong>creditoribus</strong></span> <span class='ocrx_word' id='word_1_246' title='bbox 1615 3212 2045 3295; x_wconf 84' lang='lat' dir='ltr'><strong>satisfecerint,</strong></span> <span class='ocrx_word' id='word_1_247' title='bbox 2079 3237 2194 3301; x_wconf 93' lang='lat' dir='ltr'><strong>pro</strong></span> <span class='ocrx_word' id='word_1_248' title='bbox 2229 3213 2510 3295; x_wconf 90' lang='lat' dir='ltr'><strong>modico,</strong></span> <span class='ocrx_word' id='word_1_249' title='bbox 2545 3213 2717 3301; x_wconf 92' lang='lat' dir='ltr'><strong>quod</strong></span> <span class='ocrx_word' id='word_1_250' title='bbox 2757 3227 2966 3296; x_wconf 89' lang='lat' dir='ltr'><strong>restat,</strong></span> 
     </span>
     <span class='ocr_line' id='line_1_33' title="bbox 442 3299 2966 3390; baseline 0.002 -25"><span class='ocrx_word' id='word_1_251' title='bbox 442 3299 724 3382; x_wconf 79' lang='lat' dir='ltr'><strong>obsideS,</strong></span> <span class='ocrx_word' id='word_1_252' title='bbox 791 3320 858 3367; x_wconf 92' lang='lat' dir='ltr'><strong>ut</strong></span> <span class='ocrx_word' id='word_1_253' title='bbox 913 3301 1220 3368; x_wconf 85' lang='lat' dir='ltr'><strong>devorent</strong></span> <span class='ocrx_word' id='word_1_254' title='bbox 1319 3325 1645 3389; x_wconf 88' lang='lat' dir='ltr'><strong>auperem‚</strong></span> <span class='ocrx_word' id='word_1_255' title='bbox 1713 3303 2071 3367; x_wconf 89' lang='lat' dir='ltr'><strong>invitantur.</strong></span> <span class='ocrx_word' id='word_1_256' title='bbox 2166 3303 2301 3367; x_wconf 86' lang='lat' dir='ltr'><strong>Hec</strong></span> <span class='ocrx_word' id='word_1_257' title='bbox 2350 3321 2442 3368; x_wconf 85' lang='lat' dir='ltr'><strong>est</strong></span> <span class='ocrx_word' id='word_1_258' title='bbox 2499 3325 2710 3383; x_wconf 90' lang='lat' dir='ltr'><strong>causa,</strong></span> <span class='ocrx_word' id='word_1_259' title='bbox 2778 3325 2966 3390; x_wconf 83' lang='lat' dir='ltr'><strong>quare</strong></span> 
     </span>
     <span class='ocr_line' id='line_1_34' title="bbox 440 3388 2960 3475; baseline 0.001 -22"><span class='ocrx_word' id='word_1_260' title='bbox 440 3389 801 3455; x_wconf 87' lang='lat' dir='ltr'><strong>karissimus</strong></span> <span class='ocrx_word' id='word_1_261' title='bbox 848 3391 912 3454; x_wconf 91' lang='lat' dir='ltr'><strong>in</strong></span> <span class='ocrx_word' id='word_1_262' title='bbox 947 3390 1203 3456; x_wconf 90' lang='lat' dir='ltr'><strong>Christo</strong></span> <span class='ocrx_word' id='word_1_263' title='bbox 1276 3401 1437 3456; x_wconf 89' lang='lat' dir='ltr'><strong>rater</strong></span> <span class='ocrx_word' id='word_1_264' title='bbox 1471 3390 1658 3456; x_wconf 80' lang='lat' dir='ltr'><strong>Ct‘ino</strong></span> <span class='ocrx_word' id='word_1_265' title='bbox 1707 3390 1971 3455; x_wconf 87' lang='lat' dir='ltr'><strong>vicarius</strong></span> <span class='ocrx_word' id='word_1_266' title='bbox 2011 3389 2241 3456; x_wconf 89' lang='lat' dir='ltr'><strong>domus</strong></span> <span class='ocrx_word' id='word_1_267' title='bbox 2287 3388 2565 3475; x_wconf 85' lang='lat' dir='ltr'><strong>predicte</strong></span> <span class='ocrx_word' id='word_1_268' title='bbox 2615 3391 2851 3471; x_wconf 89' lang='lat' dir='ltr'><strong>circuit,</strong></span> <span class='ocrx_word' id='word_1_269' title='bbox 2899 3392 2960 3456; x_wconf 84' lang='lat' dir='ltr'><strong>in</strong></span> 
     </span>
     <span class='ocr_line' id='line_1_35' title="bbox 438 3476 2968 3564; baseline 0.001 -23"><span class='ocrx_word' id='word_1_270' title='bbox 438 3476 820 3543; x_wconf 83' lang='lat' dir='ltr'><strong>adiutorium</strong></span> <span class='ocrx_word' id='word_1_271' title='bbox 872 3478 1208 3544; x_wconf 90' lang='lat' dir='ltr'><strong>hominum</strong></span> <span class='ocrx_word' id='word_1_272' title='bbox 1253 3479 1534 3564; x_wconf 87' lang='lat' dir='ltr'><strong>respicit,</strong></span> <span class='ocrx_word' id='word_1_273' title='bbox 1584 3480 1759 3543; x_wconf 91' lang='lat' dir='ltr'><strong>cuius</strong></span> <span class='ocrx_word' id='word_1_274' title='bbox 1806 3490 1951 3544; x_wconf 91' lang='lat' dir='ltr'><strong>sunt</strong></span> <span class='ocrx_word' id='word_1_275' title='bbox 1997 3479 2296 3544; x_wconf 88' lang='lat' dir='ltr'><strong>attenuati</strong></span> <span class='ocrx_word' id='word_1_276' title='bbox 2345 3479 2755 3564; x_wconf 88' lang='lat' dir='ltr'><strong>suspicientes</strong></span> <span class='ocrx_word' id='word_1_277' title='bbox 2803 3479 2968 3544; x_wconf 91' lang='lat' dir='ltr'><strong>oculi</strong></span> 
     </span>
     <span class='ocr_line' id='line_1_36' title="bbox 441 3565 2964 3653; baseline 0 -24"><span class='ocrx_word' id='word_1_278' title='bbox 441 3567 505 3629; x_wconf 91' lang='lat' dir='ltr'><strong>in</strong></span> <span class='ocrx_word' id='word_1_279' title='bbox 569 3566 838 3631; x_wconf 66' lang='lat' dir='ltr'><strong>excelsa</strong></span> <span class='ocrx_word' id='word_1_280' title='bbox 932 3566 1062 3631; x_wconf 87' lang='lat' dir='ltr'><strong>Iam</strong></span> <span class='ocrx_word' id='word_1_281' title='bbox 1120 3566 1496 3632; x_wconf 88' lang='lat' dir='ltr'><strong>verecundia</strong></span> <span class='ocrx_word' id='word_1_282' title='bbox 1554 3588 1932 3653; x_wconf 88' lang='lat' dir='ltr'><strong>conspersus</strong></span> <span class='ocrx_word' id='word_1_283' title='bbox 1989 3589 2122 3631; x_wconf 92' lang='lat' dir='ltr'><strong>non</strong></span> <span class='ocrx_word' id='word_1_284' title='bbox 2179 3565 2366 3632; x_wconf 89' lang='lat' dir='ltr'><strong>audet</strong></span> <span class='ocrx_word' id='word_1_285' title='bbox 2422 3567 2608 3632; x_wconf 86' lang='lat' dir='ltr'><strong>etiam</strong></span> <span class='ocrx_word' id='word_1_286' title='bbox 2668 3567 2964 3653; x_wconf 84' lang='lat' dir='ltr'><strong>exiguum</strong></span> 
     </span>
     <span class='ocr_line' id='line_1_37' title="bbox 440 3652 2963 3741; baseline 0 -22"><span class='ocrx_word' id='word_1_287' title='bbox 440 3652 653 3719; x_wconf 87' lang='lat' dir='ltr'><strong>datum</strong></span> <span class='ocrx_word' id='word_1_288' title='bbox 704 3655 976 3740; x_wconf 86' lang='lat' dir='ltr'><strong>exigere,</strong></span> <span class='ocrx_word' id='word_1_289' title='bbox 1022 3708 1034 3719; x_wconf 91' lang='lat'><strong><em>.</em></strong></span> <span class='ocrx_word' id='word_1_290' title='bbox 1073 3708 1085 3719; x_wconf 93' lang='lat'><strong>.</strong></span> <span class='ocrx_word' id='word_1_291' title='bbox 1124 3707 1136 3720; x_wconf 89' lang='lat'><strong>.</strong></span> <span class='ocrx_word' id='word_1_292' title='bbox 1185 3666 1280 3720; x_wconf 91' lang='lat' dir='ltr'><strong>set</strong></span> <span class='ocrx_word' id='word_1_293' title='bbox 1327 3677 1441 3740; x_wconf 89' lang='lat' dir='ltr'><strong>pro</strong></span> <span class='ocrx_word' id='word_1_294' title='bbox 1490 3654 1665 3720; x_wconf 90' lang='lat' dir='ltr'><strong>lucro</strong></span> <span class='ocrx_word' id='word_1_295' title='bbox 1714 3666 2060 3741; x_wconf 88' lang='lat' dir='ltr'><strong>computat,</strong></span> <span class='ocrx_word' id='word_1_296' title='bbox 2108 3656 2159 3719; x_wconf 91' lang='lat' dir='ltr'><strong>si</strong></span> <span class='ocrx_word' id='word_1_297' title='bbox 2205 3655 2424 3739; x_wconf 88' lang='lat' dir='ltr'><strong>possit,</strong></span> <span class='ocrx_word' id='word_1_298' title='bbox 2473 3656 2660 3719; x_wconf 90' lang='lat' dir='ltr'><strong>etiam</strong></span> <span class='ocrx_word' id='word_1_299' title='bbox 2707 3653 2963 3720; x_wconf 91' lang='lat' dir='ltr'><strong>tandem</strong></span> 
     </span>
     <span class='ocr_line' id='line_1_38' title="bbox 439 3740 2966 3830; baseline 0.001 -24"><span class='ocrx_word' id='word_1_300' title='bbox 439 3740 552 3807; x_wconf 86' lang='lat' dir='ltr'><strong>sub</strong></span> <span class='ocrx_word' id='word_1_301' title='bbox 599 3744 801 3807; x_wconf 85' lang='lat' dir='ltr'><strong>usuris</strong></span> <span class='ocrx_word' id='word_1_302' title='bbox 850 3754 1139 3808; x_wconf 89' lang='lat' dir='ltr'><strong>mutuum</strong></span> <span class='ocrx_word' id='word_1_303' title='bbox 1188 3744 1490 3808; x_wconf 87' lang='lat' dir='ltr'><strong>invenire.</strong></span> <span class='ocrx_word' id='word_1_304' title='bbox 1582 3743 1792 3828; x_wconf 84' lang='lat' dir='ltr'><strong>Rogat</strong></span> <span class='ocrx_word' id='word_1_305' title='bbox 1840 3765 1994 3829; x_wconf 91' lang='lat' dir='ltr'><strong>ergo</strong></span> <span class='ocrx_word' id='word_1_306' title='bbox 2041 3742 2428 3829; x_wconf 89' lang='lat' dir='ltr'><strong>suppliciter,</strong></span> <span class='ocrx_word' id='word_1_307' title='bbox 2495 3761 2591 3823; x_wconf 91' lang='lat' dir='ltr'><strong>ut,</strong></span> <span class='ocrx_word' id='word_1_308' title='bbox 2651 3744 2701 3807; x_wconf 86' lang='lat' dir='ltr'><strong>si</strong></span> <span class='ocrx_word' id='word_1_309' title='bbox 2749 3742 2966 3830; x_wconf 85' lang='lat' dir='ltr'><strong>aliquis</strong></span> 
     </span>
     <span class='ocr_line' id='line_1_39' title="bbox 442 3828 2967 3918; baseline 0 -23"><span class='ocrx_word' id='word_1_310' title='bbox 442 3849 534 3895; x_wconf 89' lang='lat' dir='ltr'><strong>est</strong></span> <span class='ocrx_word' id='word_1_311' title='bbox 589 3830 687 3896; x_wconf 90' lang='lat' dir='ltr'><strong>vel</strong></span> <span class='ocrx_word' id='word_1_312' title='bbox 743 3830 942 3918; x_wconf 89' lang='lat' dir='ltr'><strong>aliqua</strong></span> <span class='ocrx_word' id='word_1_313' title='bbox 991 3830 1170 3897; x_wconf 90' lang='lat' dir='ltr'><strong>vobis</strong></span> <span class='ocrx_word' id='word_1_314' title='bbox 1228 3843 1409 3912; x_wconf 91' lang='lat' dir='ltr'><strong>nota,</strong></span> <span class='ocrx_word' id='word_1_315' title='bbox 1468 3854 1590 3917; x_wconf 91' lang='lat' dir='ltr'><strong>que</strong></span> <span class='ocrx_word' id='word_1_316' title='bbox 1651 3853 1839 3917; x_wconf 90' lang='lat' dir='ltr'><strong>super</strong></span> <span class='ocrx_word' id='word_1_317' title='bbox 1897 3828 2163 3897; x_wconf 88' lang='lat' dir='ltr'><strong>afflictos</strong></span> <span class='ocrx_word' id='word_1_318' title='bbox 2223 3831 2322 3916; x_wconf 91' lang='lat' dir='ltr'><strong>pia</strong></span> <span class='ocrx_word' id='word_1_319' title='bbox 2378 3841 2624 3916; x_wconf 87' lang='lat' dir='ltr'><strong>gestare</strong></span> <span class='ocrx_word' id='word_1_320' title='bbox 2683 3830 2967 3897; x_wconf 89' lang='lat' dir='ltr'><strong>didicerit</strong></span> 
     </span>
     <span class='ocr_line' id='line_1_40' title="bbox 438 3917 2963 4006; baseline 0 -24"><span class='ocrx_word' id='word_1_321' title='bbox 438 3918 695 3999; x_wconf 88' lang='lat' dir='ltr'><strong>viscera,</strong></span> <span class='ocrx_word' id='word_1_322' title='bbox 728 3917 909 3984; x_wconf 90' lang='lat' dir='ltr'><strong>vobis</strong></span> <span class='ocrx_word' id='word_1_323' title='bbox 942 3918 1360 3984; x_wconf 89' lang='lat' dir='ltr'><strong>mediantibus</strong></span> <span class='ocrx_word' id='word_1_324' title='bbox 1393 3918 1771 4006; x_wconf 86' lang='lat' dir='ltr'><strong>aliquantam</strong></span> <span class='ocrx_word' id='word_1_325' title='bbox 1805 3917 1919 3984; x_wconf 88' lang='lat' dir='ltr'><strong>sibi</strong></span> <span class='ocrx_word' id='word_1_326' title='bbox 1951 3930 2197 3984; x_wconf 91' lang='lat' dir='ltr'><strong>mutuet</strong></span> <span class='ocrx_word' id='word_1_327' title='bbox 2227 3920 2581 4004; x_wconf 88' lang='lat' dir='ltr'><strong>pecuniam,</strong></span> <span class='ocrx_word' id='word_1_328' title='bbox 2615 3918 2963 3985; x_wconf 89' lang='lat' dir='ltr'><strong>secundum</strong></span> 
     </span>
     <span class='ocr_line' id='line_1_41' title="bbox 440 4004 2967 4094; baseline 0.001 -24"><span class='ocrx_word' id='word_1_329' title='bbox 440 4004 613 4092; x_wconf 92' lang='lat' dir='ltr'><strong>quod</strong></span> <span class='ocrx_word' id='word_1_330' title='bbox 652 4008 1042 4088; x_wconf 88' lang='lat' dir='ltr'><strong>convenerit,</strong></span> <span class='ocrx_word' id='word_1_331' title='bbox 1092 4005 1582 4094; x_wconf 87' lang='lat' dir='ltr'><strong>rependendam,</strong></span> <span class='ocrx_word' id='word_1_332' title='bbox 1631 4029 1746 4093; x_wconf 90' lang='lat' dir='ltr'><strong>pro</strong></span> <span class='ocrx_word' id='word_1_333' title='bbox 1781 4030 1902 4093; x_wconf 89' lang='lat' dir='ltr'><strong>qua</strong></span> <span class='ocrx_word' id='word_1_334' title='bbox 1949 4005 2131 4072; x_wconf 87' lang='lat' dir='ltr'><strong>habet</strong></span> <span class='ocrx_word' id='word_1_335' title='bbox 2163 4008 2601 4073; x_wconf 88' lang='lat' dir='ltr'><strong>auctoritatem</strong></span> <span class='ocrx_word' id='word_1_336' title='bbox 2651 4031 2854 4073; x_wconf 86' lang='lat' dir='ltr'><strong>meam</strong></span> <span class='ocrx_word' id='word_1_337' title='bbox 2906 4021 2967 4073; x_wconf 90' lang='lat' dir='ltr'><strong>et</strong></span> 
     </span>
     <span class='ocr_line' id='line_1_42' title="bbox 438 4092 2964 4182; baseline 0.001 -25"><span class='ocrx_word' id='word_1_338' title='bbox 438 4092 762 4159; x_wconf 88' lang='lat' dir='ltr'><strong>licenciam</strong></span> <span class='ocrx_word' id='word_1_339' title='bbox 826 4093 1145 4180; x_wconf 88' lang='lat' dir='ltr'><strong>obligandi</strong></span> <span class='ocrx_word' id='word_1_340' title='bbox 1207 4093 1438 4160; x_wconf 90' lang='lat' dir='ltr'><strong>domos</strong></span> <span class='ocrx_word' id='word_1_341' title='bbox 1502 4096 1565 4160; x_wconf 90' lang='lat' dir='ltr'><strong>in</strong></span> <span class='ocrx_word' id='word_1_342' title='bbox 1614 4095 1944 4181; x_wconf 88' lang='lat' dir='ltr'><strong>Zovingen</strong></span> <span class='ocrx_word' id='word_1_343' title='bbox 2007 4107 2068 4161; x_wconf 93' lang='lat' dir='ltr'><strong>et</strong></span> <span class='ocrx_word' id='word_1_344' title='bbox 2131 4095 2378 4176; x_wconf 87' lang='lat' dir='ltr'><strong>omnia,</strong></span> <span class='ocrx_word' id='word_1_345' title='bbox 2445 4118 2565 4182; x_wconf 92' lang='lat' dir='ltr'><strong>que</strong></span> <span class='ocrx_word' id='word_1_346' title='bbox 2627 4096 2692 4160; x_wconf 95' lang='lat' dir='ltr'><strong>in</strong></span> <span class='ocrx_word' id='word_1_347' title='bbox 2752 4117 2964 4160; x_wconf 88' lang='lat' dir='ltr'><strong>earum</strong></span> 
     </span>
     <span class='ocr_line' id='line_1_43' title="bbox 439 4180 2962 4269; baseline 0.001 -24"><span class='ocrx_word' id='word_1_348' title='bbox 439 4180 677 4247; x_wconf 83' lang='lat' dir='ltr'><strong>ambitu</strong></span> <span class='ocrx_word' id='word_1_349' title='bbox 727 4183 1153 4248; x_wconf 86' lang='lat' dir='ltr'><strong>continentur.</strong></span> <span class='ocrx_word' id='word_1_350' title='bbox 1233 4181 1451 4248; x_wconf 86' lang='lat' dir='ltr'><strong>Fidem</strong></span> <span class='ocrx_word' id='word_1_351' title='bbox 1501 4184 1755 4269; x_wconf 85' lang='lat' dir='ltr'><strong>insuper</strong></span> <span class='ocrx_word' id='word_1_352' title='bbox 1801 4181 2097 4269; x_wconf 87' lang='lat' dir='ltr'><strong>prestabit</strong></span> <span class='ocrx_word' id='word_1_353' title='bbox 2145 4180 2222 4248; x_wconf 91' lang='lat' dir='ltr'><strong>de</strong></span> <span class='ocrx_word' id='word_1_354' title='bbox 2270 4181 2581 4248; x_wconf 91' lang='lat' dir='ltr'><strong>solvendo</strong></span> <span class='ocrx_word' id='word_1_355' title='bbox 2629 4181 2962 4269; x_wconf 86' lang='lat' dir='ltr'><strong>specialem</strong></span> 
     </span>
     <span class='ocr_line' id='line_1_44' title="bbox 439 4268 2961 4356; baseline 0 -22"><span class='ocrx_word' id='word_1_356' title='bbox 439 4269 538 4335; x_wconf 92' lang='lat' dir='ltr'><strong>vel</strong></span> <span class='ocrx_word' id='word_1_357' title='bbox 582 4269 758 4335; x_wconf 90' lang='lat' dir='ltr'><strong>aliter</strong></span> <span class='ocrx_word' id='word_1_358' title='bbox 802 4282 950 4356; x_wconf 92' lang='lat' dir='ltr'><strong>puta</strong></span> <span class='ocrx_word' id='word_1_359' title='bbox 995 4269 1405 4356; x_wconf 89' lang='lat' dir='ltr'><strong>pensionibus</strong></span> <span class='ocrx_word' id='word_1_360' title='bbox 1452 4272 1675 4336; x_wconf 88' lang='lat' dir='ltr'><strong>annuis</strong></span> <span class='ocrx_word' id='word_1_361' title='bbox 1721 4293 1821 4337; x_wconf 87' lang='lat' dir='ltr'><strong>res</strong></span> <span class='ocrx_word' id='word_1_362' title='bbox 1869 4268 2148 4337; x_wconf 88' lang='lat' dir='ltr'><strong>ondebit.</strong></span> <span class='ocrx_word' id='word_1_363' title='bbox 2245 4270 2503 4336; x_wconf 90' lang='lat' dir='ltr'><strong>Utinam</strong></span> <span class='ocrx_word' id='word_1_364' title='bbox 2566 4270 2746 4336; x_wconf 89' lang='lat' dir='ltr'><strong>huius</strong></span> <span class='ocrx_word' id='word_1_365' title='bbox 2794 4270 2961 4337; x_wconf 89' lang='lat' dir='ltr'><strong>verbi</strong></span> 
     </span>
     <span class='ocr_line' id='line_1_45' title="bbox 439 4294 2964 4444; baseline 0.001 -23"><span class='ocrx_word' id='word_1_366' title='bbox 439 4358 596 4423; x_wconf 87' lang='lat' dir='ltr'><strong>sicut</strong></span> <span class='ocrx_word' id='word_1_367' title='bbox 644 4358 1009 4424; x_wconf 88' lang='lat' dir='ltr'><strong>exhortator</strong></span> <span class='ocrx_word' id='word_1_368' title='bbox 1064 4360 1145 4423; x_wconf 94' lang='lat' dir='ltr'><strong>ita</strong></span> <span class='ocrx_word' id='word_1_369' title='bbox 1192 4381 1449 4444; x_wconf 88' lang='lat' dir='ltr'><strong>possem</strong></span> <span class='ocrx_word' id='word_1_370' title='bbox 1512 4382 1648 4424; x_wconf 88' lang='lat' dir='ltr'><strong>esse</strong></span> <span class='ocrx_word' id='word_1_371' title='bbox 1696 4377 1759 4424; x_wconf 91' lang='lat' dir='ltr'><strong>et</strong></span> <span class='ocrx_word' id='word_1_372' title='bbox 1805 4294 2003 4424; x_wconf 54' lang='lat' dir='ltr'><strong>fgctor</strong></span> <span class='ocrx_word' id='word_1_373' title='bbox 2060 4370 2122 4424; x_wconf 89' lang='lat' dir='ltr'><strong>et</strong></span> <span class='ocrx_word' id='word_1_374' title='bbox 2168 4356 2419 4424; x_wconf 88' lang='lat' dir='ltr'><strong>beatum</strong></span> <span class='ocrx_word' id='word_1_375' title='bbox 2479 4382 2584 4424; x_wconf 91' lang='lat' dir='ltr'><strong>me</strong></span> <span class='ocrx_word' id='word_1_376' title='bbox 2642 4357 2964 4444; x_wconf 87' lang='lat' dir='ltr'><strong>apostolus</strong></span> 
     </span>
     <span class='ocr_line' id='line_1_46' title="bbox 438 4444 2963 4534; baseline 0 -24"><span class='ocrx_word' id='word_1_377' title='bbox 438 4444 815 4531; x_wconf 89' lang='lat' dir='ltr'><strong>predicaret!</strong></span> <span class='ocrx_word' id='word_1_378' title='bbox 890 4446 999 4512; x_wconf 90' lang='lat' dir='ltr'><strong>Set</strong></span> <span class='ocrx_word' id='word_1_379' title='bbox 1030 4447 1241 4526; x_wconf 90' lang='lat' dir='ltr'><strong>scitur,</strong></span> <span class='ocrx_word' id='word_1_380' title='bbox 1275 4445 1446 4534; x_wconf 90' lang='lat' dir='ltr'><strong>quod</strong></span> <span class='ocrx_word' id='word_1_381' title='bbox 1479 4448 1545 4512; x_wconf 89' lang='lat' dir='ltr'><strong>in</strong></span> <span class='ocrx_word' id='word_1_382' title='bbox 1580 4469 1762 4512; x_wconf 90' lang='lat' dir='ltr'><strong>causa</strong></span> <span class='ocrx_word' id='word_1_383' title='bbox 1794 4446 2071 4533; x_wconf 88' lang='lat' dir='ltr'><strong>predicta</strong></span> <span class='ocrx_word' id='word_1_384' title='bbox 2103 4468 2236 4511; x_wconf 93' lang='lat' dir='ltr'><strong>non</strong></span> <span class='ocrx_word' id='word_1_385' title='bbox 2269 4445 2381 4512; x_wconf 92' lang='lat' dir='ltr'><strong>tuli</strong></span> <span class='ocrx_word' id='word_1_386' title='bbox 2413 4469 2671 4512; x_wconf 89' lang='lat' dir='ltr'><strong>manum</strong></span> <span class='ocrx_word' id='word_1_387' title='bbox 2705 4445 2963 4529; x_wconf 87' lang='lat' dir='ltr'><strong>aridam,</strong></span> 
     </span>
     <span class='ocr_line' id='line_1_47' title="bbox 438 4532 2963 4622; baseline 0 -24"><span class='ocrx_word' id='word_1_388' title='bbox 438 4533 600 4621; x_wconf 89' lang='lat' dir='ltr'><strong>quia,</strong></span> <span class='ocrx_word' id='word_1_389' title='bbox 648 4533 821 4620; x_wconf 91' lang='lat' dir='ltr'><strong>quod</strong></span> <span class='ocrx_word' id='word_1_390' title='bbox 869 4533 1073 4615; x_wconf 90' lang='lat' dir='ltr'><strong>habui,</strong></span> <span class='ocrx_word' id='word_1_391' title='bbox 1120 4534 1244 4600; x_wconf 87' lang='lat' dir='ltr'><strong>hoc</strong></span> <span class='ocrx_word' id='word_1_392' title='bbox 1294 4546 1356 4601; x_wconf 90' lang='lat' dir='ltr'><strong>et</strong></span> <span class='ocrx_word' id='word_1_393' title='bbox 1400 4534 1538 4600; x_wconf 88' lang='lat' dir='ltr'><strong>feci.</strong></span> <span class='ocrx_word' id='word_1_394' title='bbox 1632 4534 1800 4615; x_wconf 87' lang='lat' dir='ltr'><strong>Scio,</strong></span> <span class='ocrx_word' id='word_1_395' title='bbox 1847 4536 2094 4622; x_wconf 89' lang='lat' dir='ltr'><strong>quantis</strong></span> <span class='ocrx_word' id='word_1_396' title='bbox 2141 4532 2388 4599; x_wconf 90' lang='lat' dir='ltr'><strong>debitor</strong></span> <span class='ocrx_word' id='word_1_397' title='bbox 2433 4557 2609 4615; x_wconf 89' lang='lat' dir='ltr'><strong>sum,</strong></span> <span class='ocrx_word' id='word_1_398' title='bbox 2660 4553 2721 4600; x_wconf 90' lang='lat' dir='ltr'><strong>et</strong></span> <span class='ocrx_word' id='word_1_399' title='bbox 2768 4534 2963 4600; x_wconf 89' lang='lat' dir='ltr'><strong>nichi-</strong></span> 
     </span>
     <span class='ocr_line' id='line_1_48' title="bbox 438 4620 2964 4709; baseline 0 -24"><span class='ocrx_word' id='word_1_400' title='bbox 438 4622 714 4687; x_wconf 89' lang='lat' dir='ltr'><strong>lominus</strong></span> <span class='ocrx_word' id='word_1_401' title='bbox 749 4620 1247 4708; x_wconf 88' lang='lat' dir='ltr'><strong>superindicitur‚</strong></span> <span class='ocrx_word' id='word_1_402' title='bbox 1297 4635 1363 4688; x_wconf 95' lang='lat' dir='ltr'><strong>ut</strong></span> <span class='ocrx_word' id='word_1_403' title='bbox 1395 4622 1532 4702; x_wconf 86' lang='lat' dir='ltr'><strong>hiis,</strong></span> <span class='ocrx_word' id='word_1_404' title='bbox 1582 4623 1687 4709; x_wconf 89' lang='lat' dir='ltr'><strong>qui</strong></span> <span class='ocrx_word' id='word_1_405' title='bbox 1719 4623 1930 4689; x_wconf 90' lang='lat' dir='ltr'><strong>Rome</strong></span> <span class='ocrx_word' id='word_1_406' title='bbox 1973 4634 2136 4702; x_wconf 90' lang='lat' dir='ltr'><strong>sunt,</strong></span> <span class='ocrx_word' id='word_1_407' title='bbox 2187 4620 2659 4709; x_wconf 83' lang='lat' dir='ltr'><strong>ewangelizem,</strong></span> <span class='ocrx_word' id='word_1_408' title='bbox 2708 4623 2964 4689; x_wconf 84' lang='lat' dir='ltr'><strong>mittens</strong></span> 
     </span>
    </p>
   </div>
  </div>
 </body>
</html>
