3505 5335
537 349 615 430 58
1586 432 1589 433 7
1707 362 1897 415 Briefe.
2829 363 2873 431 J.
2921 362 3069 426 1264.

1757 517 1843 585 12.

750 642 1241 729 Ordensgetzeral
1287 643 1587 724 Iohannes
1631 643 1891 710 schreibt
1937 665 2019 709 an
2067 642 2160 707 die
2207 644 2519 730 Herzogin
2553 640 2906 733 (Adelheid)
2952 665 3070 708 von

531 731 830 812 Brabant,
878 731 1070 797 belobt
1117 731 1244 796 ihre
1292 730 1605 816 religiosen
1639 731 1836 797 Plane
1884 732 2012 796 und
2039 732 2372 818 verspricht
2418 732 2516 797 ihr
2554 731 2786 797 Gebete.
2861 729 3070 816 (Paris

538 822 704 904 1264
751 820 948 908 Juni.)

743 924 960 990 Inclite
1021 948 1091 990 ac
1148 925 1550 990 serenissime
1599 923 1863 990 domine
1921 925 2040 990 Dei
2102 925 2300 1010 gratia
2356 924 2601 990 ducisse
2649 924 3067 1010 Lothoringie

529 1036 600 1078 ac
647 1011 985 1079 Brabancie
1032 1011 1218 1078 frater
1248 1011 1644 1099 J(ohannes)
1679 1011 1758 1078 de
1805 1014 2052 1098 pietatis
2100 1012 2444 1078 seminibus
2478 1014 2603 1078 vite
2652 1011 2887 1078 fructus
2929 1035 3068 1098 per-

531 1103 739 1187 cipere
784 1102 1190 1187 sempiterne.
1286 1099 1771 1186 Magnificencie
1804 1112 2011 1166 vestre
2059 1100 2293 1167 litteras
2344 1124 2420 1166 ex
2465 1101 2816 1166 reverentia
2859 1098 3064 1165 debita

531 1211 676 1254 cum
724 1190 957 1254 mentis
1006 1188 1306 1254 hilaritate
1354 1205 1672 1274 susceptas
1721 1188 1844 1274 legi
1892 1187 2010 1254 feci
2057 1187 2344 1254 fratribus
2393 1199 2455 1254 et
2502 1188 2633 1254 aliis
2684 1188 2894 1253 multis
2931 1210 3069 1274 pre-

531 1276 810 1343 sentibus
843 1278 908 1341 in
957 1276 1226 1363 capitulo
1260 1275 1557 1362 generali.
1630 1277 1729 1342 De
1779 1300 2042 1364 quarum
2081 1277 2474 1343 continentia
2500 1277 2787 1364 ,comperi
2823 1275 3067 1362 plenius

532 1377 593 1430 et
639 1366 883 1451 accepi,
949 1363 1121 1452 quod
1167 1365 1360 1430 vestri
1460 1362 1736 1430 nondam
1802 1365 1918 1430 viri
1979 1364 2276 1451 gloriosis
2341 1376 2403 1431 et
2458 1387 2604 1430 acce
2651 1365 2730 1429 tis
2788 1364 3067 1450 vestigiis

527 1452 891 1519 inherentes
940 1475 1227 1518 amorem
1277 1464 1338 1518 et
1385 1387 1678 1518 alifectum
1730 1450 2098 1538 specialem,
2193 1476 2340 1518 uem
2390 1452 2466 1518 ad
2514 1388 2805 1518 ordinem
2854 1450 3069 1517 habuit

531 1553 592 1606 et
624 1542 689 1606 in
736 1564 844 1606 sua
876 1551 1084 1607 morte
1118 1552 1432 1607 servatum
1467 1539 1821 1627 patentibus
1869 1539 2114 1607 indiciis
2148 1476 2608 1607 demonstravit
2651 1540 2815 1626 apud
2847 1537 3066 1605 fratres

531 1628 792 1695 eosdem
862 1630 1180 1716 propriam
1245 1628 1481 1714 eligens
1548 1628 1932 1715 sepulturam
1995 1652 2112 1695 vos
2176 1652 2321 1695 cum
2388 1652 2635 1694 summa
2707 1627 3065 1693 devocione

530 1728 850 1784 servantes
882 1740 915 1782 a
965 1715 1046 1782 ud
1078 1715 1436 1802 sepedictos
1468 1715 1686 1782 fratres
1734 1715 1966 1783 fecistis
2000 1715 2077 1783 ad
2125 1715 2534 1783 habitandum
2570 1716 2854 1782 construi
2884 1713 3066 1781 vobis

531 1805 817 1870 domum.
912 1740 1112 1891 §uper
1159 1804 1380 1891 quibus
1429 1827 1504 1869 ex
1564 1827 1642 1870 eo
1692 1806 2012 1871 serenitati
2072 1816 2279 1871 vestre
2326 1806 2729 1890 potissimum
2791 1825 3067 1889 congau-

529 1892 783 1974 demuS,
841 1894 982 1981 quia
1029 1892 1147 1958 hec
1195 1893 1340 1958 Deo
1398 1904 1572 1978 grata
1620 1891 1921 1980 obsequia
1981 1894 2097 1979 ipsi
2146 1913 2206 1959 et
2252 1892 2433 1958 vobis
2490 1892 2590 1958 hic
2642 1890 2719 1957 ad
2767 1892 3064 1957 meritum

530 1994 591 2047 et
638 1982 701 2045 in
750 1980 1027 2046 futurum
1078 1979 1265 2045 dante
1314 1978 1581 2045 domino
1629 1982 2014 2066 provenient
2060 1980 2137 2046 ad
2186 2003 2515 2046 coronam.

739 2155 849 2210 Fol.
890 2170 951 2224 23
975 2167 1027 2209 v,
1102 2155 1255 2208 Nach
1294 2155 1417 2207 dem
1456 2154 1728 2208 Bittbriefe
1770 2154 1863 2208 der
1901 2155 2210 2209 Adressatin
2251 2155 2362 2209 Fol.
2404 2171 2465 2223 25
2490 2168 2517 2195 v
2568 2156 2660 2209 Nr.
2705 2171 2760 2207 21
2808 2154 2941 2207 hiess
2982 2154 3066 2206 die

528 2245 799 2314 Herzogin
837 2243 1101 2296 Adelheid
1151 2245 1309 2313 (gest.
1365 2246 1520 2311 1273)
1572 2242 1677 2295 und
1727 2244 1808 2296 ihr
1856 2245 2229 2296 verstorbener
2267 2243 2499 2296 Gemahl
2548 2243 2612 2296 H.
2654 2242 2927 2310 (Heinrich
2974 2242 3063 2294 III.

528 2333 746 2402 Herzog
784 2349 891 2384 von
930 2332 1173 2397 Brabant,
1213 2340 1348 2401 gest.
1393 2331 1569 2399 1260).

1745 2487 1836 2556 13.

737 2613 959 2701 Alfons
1003 2636 1119 2679 von
1168 2613 1489 2693 Kastilien,
1539 2613 1862 2679 rr'imischer
1909 2613 2129 2700 Konig,
2180 2611 2478 2701 empfiehlt
2522 2612 2669 2693 sich,
2725 2614 2885 2678 seine
2930 2612 3062 2677 An-

521 2702 846 2788 gehc‘irigen
891 2701 1021 2766 und
1060 2704 1218 2766 seine
1265 2701 1479 2770 Reiche
1524 2702 1630 2766 der
1677 2701 1952 2767 Filrbitte
1997 2702 2105 2767 der
2150 2700 2596 2767 Dominikaner
2644 2698 2897 2789 (1264).

735 2805 1037 2872 Alfonsus
1062 2807 1184 2872 Dei
1217 2808 1424 2893 gracia
1447 2807 1889 2874 Romanorum
1923 2829 2034 2872 rex
2066 2828 2318 2893 semper
2349 2817 2649 2892 augustus
2684 2816 2746 2871 et
2768 2804 3061 2884 Castelle‚

525 2894 742 2962 Toleti
788 2906 906 2961 etc.
955 2894 1218 2961 salutern
1270 2905 1332 2960 et
1362 2896 1670 2960 sinceram
1718 2896 1785 2959 in
1819 2894 2087 2960 domino
2136 2895 2485 2961 karitatem.
2558 2894 2885 2980 Sapiencia
2917 2894 3059 2972 Dei,

524 3005 646 3071 que
692 2984 965 3049 suaviter
1013 3001 1237 3048 cuncta
1284 2980 1531 3048 ordinat
1579 3006 1650 3047 ac
1697 2981 1998 3069 disponit,
2065 2983 2537 3049 universitatem
2591 3000 2871 3048 creature
2928 3005 3059 3061 sue,

525 3093 714 3158 quam
777 3071 1090 3136 immensa
1136 3070 1420 3158 potentia
1478 3068 1792 3151 condidit,
1850 3070 2081 3158 absque
2137 3070 2465 3156 regiminis
2512 3070 2865 3136 ministerio
2924 3091 3056 3134 non

522 3157 807 3246 reliquid,
856 3170 945 3238 ut,
993 3158 1165 3245 quod
1213 3157 1507 3224 ineffabili
1553 3160 1839 3244 potentia
1882 3169 2217 3237 creaverat,
2266 3157 2560 3224 ineffabili
2608 3156 3057 3223 nichilominus

524 3247 834 3334 sapiencia
889 3245 1289 3333 gubernaret.
1384 3245 1492 3311 Ob
1550 3245 1723 3333 quod
1771 3248 1926 3312 mira
1990 3245 2417 3333 disposicione
2466 3244 2675 3312 divina
2733 3244 3058 3310 ordinacio

523 3334 899 3421 angelorum
966 3336 1311 3401 ministeria
1372 3334 1837 3421 hominumque
1899 3332 2299 3421 dispensans,
2361 3335 2426 3398 in
2485 3334 2766 3399 humano
2824 3355 3059 3419 genere

523 3422 835 3510 quosdam
867 3445 1141 3509 preesse,
1191 3421 1500 3510 quosdam
1534 3445 1688 3488 vero
1722 3421 1979 3488 subesse
2014 3424 2361 3503 constituit,
2411 3440 2499 3502 ut,
2545 3420 2696 3486 dum
2729 3419 3057 3487 inferiores

522 3510 945 3597 superioribus
990 3510 1366 3598 obsequium
1413 3511 1726 3576 servitutis
1761 3509 2205 3597 impenderent
2251 3521 2313 3576 et
2344 3510 2701 3596 superiores
2749 3507 3057 3574 inferiori-

521 3597 634 3664 bus
669 3597 963 3664 ducatum
1011 3599 1337 3684 regiminis
1371 3620 1502 3662 non
1551 3609 1877 3684 negarent,
1926 3598 2197 3664 humana
2232 3599 2500 3663 societas
2549 3598 2614 3662 in
2647 3598 2814 3684 pacis
2847 3595 3059 3662 federe

523 3705 892 3752 servaretur.
941 3686 1116 3751 Dum
1152 3687 1340 3751 etiam
1376 3707 1603 3751 omnes
1636 3686 1699 3750 in
1736 3685 2115 3752 sublimitate
2152 3686 2478 3752 constituti
2505 3708 2583 3751 eo
2618 3686 2681 3750 in
2719 3683 3060 3750 maioribus

522 3785 850 3839 versentur
906 3772 1226 3859 periculiS,
1290 3795 1417 3859 quo
1475 3773 1751 3860 pluribus
1820 3774 2246 3841 subiectorum
2305 3773 2552 3861 populis
2611 3773 3059 3860 principantur,

522 3860 829 3950 i(d)circo
893 3884 972 3926 eo
1020 3862 1437 3947 propensiore
1485 3884 1660 3942 cura,
1725 3885 1805 3927 eo
1863 3861 2281 3928 sollicitudine
2330 3860 2636 3947 ampliore
2695 3861 3058 3927 orationum

523 3948 830 4035 suffragiis
888 3948 1221 4015 adiuvandi
1281 3960 1456 4031 sunt,
1525 3973 1652 4036 quo
1711 3962 1991 4031 constat,
2049 3951 2191 4038 quia
2248 3948 2524 4037 pluribus
2580 3947 2842 4035 prodest
2897 3946 3059 4014 bene

519 4048 691 4103 actus
741 4035 998 4103 ducatus
1047 4038 1372 4123 regiminis
1433 4049 1495 4104 et
1539 4037 1816 4124 pluribus
1872 4038 2096 4104 obesse
2189 4048 2356 4104 otest
2402 4059 2579 4103 error
2633 4048 2739 4103 aut
2786 4037 3053 4123 pravitas

518 4126 946 4212 principantis,
1038 4126 1282 4191 Verum
1331 4126 1632 4212 quoniam
1682 4148 1834 4207 n05,
1895 4149 2056 4213 quos
2103 4061 2379 4212 pluribus
2426 4126 2638 4211 regnis
2687 4136 2749 4191 et
2809 4123 3057 4211 populis

517 4236 769 4299 preesse
804 4212 1132 4280 ordinacio
1166 4212 1374 4279 divina
1408 4215 1755 4295 constituit,
1790 4236 1868 4279 eo
1903 4215 2217 4279 maiorum
2251 4212 2737 4279 tribulacionum
2762 4210 3055 4278 fluctibus

513 4303 854 4389 quatimur,
881 4324 1009 4389 quo
1033 4302 1443 4388 negotiorum
1465 4303 1626 4368 curis
1651 4300 2192 4389 frequencioribus
2213 4303 2543 4388 agitamur,
2569 4299 2881 4388 i(d)circo
2903 4300 3057 4365 totis

518 4390 684 4456 votis
716 4389 982 4455 aliorum
1026 4388 1316 4476 suffragia
1354 4388 1626 4475 petenda
1658 4389 2078 4471 decernimuS,
2125 4401 2195 4456 ut
2233 4390 2390 4456 tanti
2423 4387 2673 4476 pondus
2707 4389 3055 4475 regiminis

517 4475 595 4543 ad
641 4477 814 4565 quod
859 4479 1023 4544 vires
1070 4490 1318 4545 nostras
1365 4478 1635 4564 impares
1682 4476 1820 4543 fore
1868 4478 2317 4565 conspicimuS,
2365 4478 2488 4543 Dei
2536 4498 2800 4542 munere
2849 4474 3058 4541 multi-

517 4565 755 4652 plicatis
803 4565 1321 4631 intercessoribus
1360 4583 1828 4652 supportemus,
1897 4566 2037 4631 Nec
2084 4564 2344 4632 forsitan
2377 4588 2493 4631 vos
2541 4564 2708 4645 latet,
2759 4583 2826 4630 ut
2861 4562 3058 4629 credi-

517 4677 680 4734 muS,
729 4664 965 4740 quanto
1013 4651 1303 4718 ordinem
1353 4664 1630 4719 vestrum
1679 4652 1975 4739 peculiari
2023 4651 2302 4741 quodam
2351 4675 2603 4739 semper
2650 4651 3056 4718 dilexerimus
