3505 5335
570 348 591 390 1
605 345 686 389 22
1726 340 1914 394 Briefe.
2844 341 2888 410 J.
2936 342 3086 393 1288.

558 498 1132 586 Berilcksichtigung
1187 499 1293 564 der
1348 499 1750 565 Verhc'z'ltnisse
1809 498 2106 564 entweder
2167 497 2292 585 die„
2318 498 2406 563 W
2402 498 2509 564 ahl
2553 498 2820 580 Johanns
2864 523 2941 585 zu
2987 499 3084 565 be-

556 590 814 673 stc‘itigen
845 588 985 654 oder
1015 589 1099 652 sie
1145 587 1273 652 und
1306 587 1401 653 die
1442 587 1530 652 W
1526 588 1633 653 ahl
1710 611 1763 653 r.
1801 586 2043 653 Ulrichs
2086 609 2203 651 von
2246 586 2613 674 Uberlingen
2646 585 3090 676 (consequenter

560 678 732 741 iuxta
778 675 1081 741 indultum
1117 675 1434 762 privilegii
1461 589 1803 829 faeda
1847 673 2146 740 kassieren
2192 674 2321 740 und
2365 677 2492 740 eine
2535 675 2848 742 Neuwahl
2894 696 3085 761 anzu-

559 764 801 829 ordnen.
868 764 1054 829 Einer
1084 764 1372 850 Prilfung
1417 764 1517 829 des
1641 762 1980 829 ahldekrets
2025 761 2276 850 hediirfe
2323 786 2381 828 es
2412 763 2594 844 nicht,
2642 763 2797 829 denn
2831 787 2894 829 er
2938 763 3089 829 habe

560 875 617 916 es
658 852 905 938 gesehen
953 851 1081 917 und
1120 852 1323 938 galtig
1369 851 1688 939 befunden.
1785 850 2062 916 Kolmar.
2158 847 2409 940 (1288.)

569 1016 1191 1024 ...m—*⁹*-

770 1098 881 1150 Fol.
927 1109 1075 1166 153*-

1765 1288 1884 1356 101.

771 1449 1125 1535 Provinzial
1171 1451 1492 1515 Hermann
1537 1448 1691 1537 trifft
1721 1449 2212 1535 Bestimmungen
2260 1448 2404 1513 iiber
2450 1449 2560 1513 das
2592 1448 2946 1534 Depositum
2991 1449 3091 1513 des

561 1539 884 1626 Apostaten
931 1538 1209 1604 Dietrich
1254 1560 1371 1602 von
1423 1536 1754 1602 Suntheim.
1850 1537 2127 1602 Kolmar.
2203 1540 2394 1631 ‘1289
2443 1537 2685 1617 Ianuar
2733 1555 2837 1601 20.

771 1661 1109 1728 Ordinatio
1169 1659 1371 1726 fratris
1432 1661 1783 1726 Hermanni
1849 1660 2247 1747 provincialis
2306 1659 2568 1725 fratrum
2614 1658 3084 1725 Predicatorum

559 1773 670 1837 per
729 1749 1209 1816 Theuthoniam
1272 1747 1349 1814 de
1419 1748 1696 1836 quodam
1762 1748 2055 1835 deposito
2121 1748 2445 1815 cuiusdam
2518 1747 2720 1813 fratris
2783 1758 3087 1834 apostate,

560 1837 733 1925 quod
779 1837 892 1904 fuit
939 1837 1103 1925 apud
1149 1860 1402 1903 sorores
1450 1848 1697 1902 nostras
1743 1838 1811 1902 in
1845 1835 2266 1902 Columbaria.
2338 1835 2745 1901 Provincialis
2793 1834 3089 1901 omnibus

560 1949 817 2012 presens
884 1928 1182 2013 scriptum
1245 1926 1467 1991 visuris
1533 1923 1797 1990 salutem
1865 1936 1981 1990 etc.
2097 1925 2345 1990 Notum
2415 1947 2551 1990 esse
2618 1924 2834 2010 cupiO,
2916 1921 3090 2010 quod

559 2013 878 2080 residuum
928 2014 1192 2101 pecunie
1225 2012 1549 2101 quondam
1595 2011 1796 2078 fratris
1828 2011 2213 2078 Theoderici
2262 2011 2339 2078 de
2373 2012 2727 2090 Suntheim,
2777 2035 2897 2098 que
2946 2013 3085 2098 ipso

560 2101 896 2169 recedente
966 2101 1041 2167 ab
1107 2100 1330 2167 ordine
1390 2111 1778 2167 remanserat
1838 2099 1950 2165 sub
2018 2099 2232 2166 colore
2291 2099 2563 2187 depositi
2617 2097 2780 2186 apud
2837 2121 3091 2164 sorores

560 2201 806 2256 nostras
865 2191 930 2255 in
986 2189 1418 2270 Columbaria,
1483 2212 1562 2254 eo
1624 2188 1798 2276 quod
1854 2187 2016 2255 dicta
2072 2190 2336 2275 pecunia
2391 2190 2454 2253 in
2514 2210 2725 2253 meam
2774 2186 3090 2274 dispensa-

559 2280 801 2344 tionem
862 2277 1214 2359 recidisset,
1273 2276 1592 2364 disposui1
1652 2300 1764 2362 per
1821 2276 1987 2343 hunc
2042 2276 2386 2343 modumz²
2440 2276 2564 2342 Sex
2619 2297 2880 2356 marcas,
2938 2298 3089 2361 quas

562 2378 786 2433 mutuo
835 2385 1204 2453 acceperant
1251 2367 1422 2452 prior
1469 2376 1533 2431 et
1577 2363 1795 2431 fratres
1846 2376 2199 2432 conventus
2241 2363 2782 2431 Columbariensis
2829 2362 2903 2429 ab
2951 2365 3089 2449 ipso

559 2453 1066 2542 Th(eoderico),
1097 2455 1331 2536 remisi,
1376 2452 1598 2540 quibus
1636 2453 1757 2519 VII
1793 2475 2032 2518 marcas
2070 2451 2444 2540 supperaddi
2488 2451 2566 2518 de
2610 2454 2732 2517 iam
2775 2450 2943 2517 dicto
2987 2450 3092 2517 de-

560 2544 772 2629 posito
806 2544 1155 2629 procuravi,
1192 2565 1429 2607 novem
1463 2563 1702 2607 marcas
1740 2540 2104 2607 utilitatibus
2137 2556 2353 2607 nostre
2397 2541 2725 2626 provincie
2758 2540 3089 2626 assignavi,

561 2629 722 2697 duos
760 2638 1000 2697 marcas
1035 2628 1302 2717 expendi
1349 2631 1415 2696 in
1462 2628 1850 2695 solutionem
1904 2652 2150 2712 eorum,
2198 2652 2320 2717 que
2370 2630 2641 2695 scienter
2673 2638 3088 2705 contraxerat,

561 2718 974 2799 debitorum,3
1020 2718 1242 2785 decem
1282 2718 1501 2804 reliqui
1545 2718 1869 2784 sororibus
1904 2720 2295 2798 memoratiS,
2344 2737 2672 2804 quatenUS,
2719 2718 2770 2782 si
2817 2715 3088 2803 prefatus

561 2806 1071 2895 Th(eodericus)
1135 2808 1231 2871 sui
1279 2807 1568 2871 misertus
1624 2804 1856 2872 rediret
1910 2806 1988 2872 ad
2052 2805 2376 2887 ordinem,
2443 2804 2559 2871 sibi
2616 2803 2692 2870 de
2739 2806 2966 2870 vestitu
3028 2824 3089 2870 et

561 2906 708 2981 post
753 2896 885 2960 eius
934 2895 1346 2982 penitentiam
1380 2892 1457 2960 de
1507 2916 1654 2958 com
1703 2895 1898 2960 etenti
1945 2894 2252 2960 breviario
2286 2893 2710 2980 providerent.
2782 2892 2845 2958 Si
2879 2904 3088 2958 autem

561 2982 818 3049 ulterius
851 2984 915 3047 in
962 2982 1176 3049 seculo
1211 2992 1582 3062 moraretur,
1674 2984 1862 3048 ictam
1895 2983 2226 3069 pecuniam
2261 3004 2376 3069 pro
2409 2980 2697 3047 remedio
2738 2981 3088 3046 animarum

560 3083 893 3157 parentum
942 3093 1202 3136 suorum
1251 3070 1615 3157 simpliciter
1663 3072 2025 3137 retinerent.
2120 3071 2363 3136 Verum
2411 3071 2461 3135 si
2509 3091 2763 3135 sorores
2810 3067 3090 3154 predicte

560 3171 819 3246 propter
843 3160 1346 3245 resignacionem
1378 3177 1438 3224 et
1466 3160 2001 3244 presentationem
2030 3169 2383 3224 memorate
2410 3158 2675 3245 pecunie
2700 3156 2926 3223 factam
2948 3179 3092 3243 pro-

561 3249 764 3313 vincie
815 3260 876 3314 et
920 3246 1204 3313 fratribus
1253 3247 1596 3312 nominatis
1629 3246 1705 3312 ali
1752 3245 1884 3312 uod
1929 3269 2269 3332 gravamen
2313 3245 2387 3311 ab
2436 3247 2573 3332 ipso
2607 3243 3088 3333 Th(eoderico)

561 3337 955 3417 incurrerint,
1021 3336 1193 3422 prior
1260 3346 1321 3401 et
1365 3333 1583 3400 fratres
1632 3270 2186 3400 Columbarienses
2243 3356 2498 3400 necnon
2555 3332 2772 3399 fratres
2834 3338 3090 3398 nostre4

561 3425 887 3510 provincie
920 3425 1067 3510 ipsis
1114 3422 1494 3489 tenebuntur
1527 3421 1767 3502 adesse,
1816 3445 2065 3488 causam
2098 3424 2370 3509 ipsarum
2419 3433 2740 3509 tamquam
2774 3421 3091 3508 propriam

562 3511 897 3577 defensuri.
978 3512 1159 3577 Hanc
1193 3509 1662 3576 ordinationem
1710 3509 1930 3576 fratres
1966 3523 2026 3576 et
2073 3532 2327 3575 sorores
2360 3509 2656 3576 antedicti
2687 3508 3093 3575 laudaverunt

563 3611 625 3666 et
670 3611 1150 3685 acceptaverunt
1187 3610 1524 3685 gratanter,
1573 3600 2016 3664 renunciantes
2050 3599 2228 3663 omni
2276 3599 2589 3684 petitioni,
2640 3599 2843 3685 siqua
2892 3598 2980 3662 eis
3014 3595 3092 3661 de

562 3686 797 3773 prefata
843 3689 1109 3774 pecunia
1142 3705 1506 3773 competere
1553 3684 1900 3766 videbatur,
1948 3685 2145 3772 sigilla
2191 3709 2300 3751 sua
2347 3709 2471 3751 una
2504 3710 2649 3751 cum
2699 3697 2921 3751 nostro
2956 3707 3092 3771 pre-

562 3774 841 3841 sentibus
873 3786 1287 3862 apponenteS.
1357 3774 1498 3840 Nos
1530 3775 1702 3860 prior
1751 3785 1814 3840 et
1859 3773 2077 3840 fratres
2111 3797 2355 3861 nosque
2402 3775 2696 3860 priorissa
2729 3786 2791 3839 et
2837 3796 3091 3838 sorores

564 3861 864 3949 sepedicti
913 3862 1109 3950 sigilla
1156 3873 1371 3927 nostra
1416 3861 1810 3948 presentibus
1844 3861 2135 3928 duximus
2183 3862 2561 3948 apponenda
2608 3864 2672 3927 in
2720 3862 2808 3927 rei
2842 3862 3092 3927 certitu-

563 3950 775 4017 dinem
847 3950 1243 4036 ampliorem.
1354 3952 1586 4016 Actum
1659 3949 2087 4031 Columbarie,
2155 3972 2324 4015 anno
2411 3949 2654 4016 domini
2730 3949 2847 4015 M0.
2926 3948 3090 4015 C0C.

564 4039 983 4119 CXXXI⁰X.,
1030 4038 1163 4103 IIII.
1198 4037 1346 4104 feria
1394 4040 1680 4124 proxima
1727 4058 1871 4104 ante
1918 4037 2149 4104 festum
2197 4036 2377 4102 beate
2410 4039 2677 4123 Agnetis
2724 4038 2983 4122 virginis
3032 4049 3094 4101 et

563 4128 857 4193 martiris,

776 4381 791 4409 ¹
832 4373 957 4434 Qua
1002 4381 1182 4428 tamen
1230 4389 1340 4424 non
1391 4373 1581 4424 abusus
1631 4382 1710 4424 set
1762 4382 1939 4424 motus
1991 4373 2184 4441 pietate
2241 4372 2369 4442 geht
2409 4372 2626 4434 vorher;
2679 4371 3092 4425 durchstrichen.

564 4452 583 4479 ·-‘
626 4443 830 4496 Vorher
867 4442 1220 4512 principaliter
1245 4442 1657 4496 durchstrichen.
1795 4449 1815 4479 ³
1851 4443 1975 4495 Von
2004 4442 2136 4495 duos
2175 4460 2242 4495 an
2279 4460 2367 4494 am
2395 4442 2594 4494 Rande.
2727 4450 2750 4479 4
2788 4442 3091 4511 Ursprfing-

563 4513 665 4566 lich
712 4530 805 4582 per
851 4530 908 4565 se
957 4512 1043 4565 vel
1095 4530 1186 4582 per
1233 4512 1362 4565 alios
1411 4512 1599 4565 deinde
1648 4512 1834 4565 fratres
1887 4513 2155 4582 sepedicte
2212 4513 2499 4582 provincie.
2591 4512 2660 4564 Es
2718 4512 2853 4582 folgt
2903 4512 3091 4565 durch-

562 4584 817 4636 strichen:
858 4584 1090 4653 provise,
1131 4583 1272 4653 quod
1309 4583 1375 4635 de
1411 4583 1609 4636 duabus
1647 4584 1839 4635 marcis
1877 4583 2087 4653 reliquis
2116 4583 2188 4634 VI
2227 4583 2356 4635 libre
2389 4582 2667 4635 Hallenses
2708 4581 2849 4635 fratri
2881 4581 3093 4636 Ci’moni

560 4654 625 4706 de
664 4653 955 4723 Ygesdorf‚
1007 4671 1133 4724 quas
1182 4654 1324 4706 dicto
1372 4653 1513 4705 fratri
1566 4653 1668 4706 Th.
1719 4662 2074 4719 mutuaverat,
2129 4653 2509 4723 persolvantur.
2597 4653 2667 4705 Es
2716 4653 2899 4723 folgen
2951 4654 3093 4705 noch
