3505 5335
583 342 703 406 144
1734 336 1921 390 Briefe.
2854 339 2897 408 J.
2945 355 2958 390 1
2977 342 3092 409 289.

574 494 654 562 ad
697 494 988 561 ordinem
1038 496 1361 561 invitastis,
1448 493 1729 561 Confido
1780 496 1950 562 enim
1998 497 2059 560 in
2110 494 2376 561 domino
2426 508 2488 563 et
2534 498 2597 561 in
2643 498 2929 583 potentia
2974 498 3094 563 vir-

573 584 722 650 tutis
769 584 920 664 eiuS‚
976 580 1147 671 quod
1193 594 1365 649 tante
1412 581 1772 649 devotionis
1820 582 2075 649 affectus
2123 582 2235 649 sibi
2283 582 2361 650 ad
2407 585 2728 665 meritum,
2790 583 2970 650 vobis
3016 585 3095 651 ad

572 671 844 738 fructum
889 690 977 738 et*
1022 671 1346 758 proximis
1381 669 1667 757 proficiet
1727 669 1808 736 ad
1863 671 2241 758 exemplum.
2334 672 2600 759 Propter
2659 671 2831 760 quod
2893 673 3091 760 ipsam

574 760 888 846 suscipite,
937 760 1096 825 sicut
1127 758 1416 825 Christus
1464 758 1737 845 suscepit
1768 782 1905 841 vos,
1954 760 2017 824 in
2067 759 2384 826 honorem
2418 761 2541 827 Dei
2571 772 2827 847 paterna
2869 759 3095 827 sollici-

572 846 789 913 tudine
835 847 1152 935 requisite,
1207 858 1512 934 quatenus
1558 858 1770 913 sancta
1816 865 2022 913 vestra
2069 849 2465 921 conversatio
2513 849 2638 915 suis
2685 847 2790 914 fiat
2839 848 3093 914 lucerna

571 933 853 1022 pedibus,
902 935 1076 1000 cuius
1121 936 1416 1001 imitatrix
1464 933 1684 1001 effecta
1729 936 2007 1001 accensis
2049 947 2268 1002 ornata
2313 933 2698 1022 lampadibus
2744 937 2878 1023 regi
2925 960 3092 1002 sem-

572 1024 820 1110 piterno
855 1046 999 1089 cum
1047 1021 1454 1109 prudentibus
1487 1021 1803 1088 offeratur.
1875 1023 1951 1089 Et
1981 1045 2062 1089 ne
2107 1024 2169 1088 in
2202 1035 2551 1110 posterum,
2599 1023 2860 1112 qualiter
2890 1027 3092 1091 teneri

572 1109 825 1191 debeat,
891 1111 1249 1197 ignoretur,
1315 1108 1546 1176 ordino
1602 1132 1713 1198 per
1767 1122 2119 1199 presente8‚
2190 1110 2364 1199 quod
2422 1111 2622 1193 bona,
2687 1135 2808 1201 que
2874 1135 3089 1178 secum

572 1198 842 1266 attulerit
888 1197 986 1265 vel
1045 1221 1080 1263 a
1134 1197 1466 1284 largitione
1521 1221 1782 1264 suorum
1846 1198 2095 1265 habebit
2154 1199 2217 1264 in
2264 1210 2474 1280 antea,
2532 1222 2666 1265 non
2715 1199 3094 1287 dissipentur

571 1310 682 1374 per
713 1298 939 1373 partes,
986 1303 1081 1352 set
1115 1287 1315 1372 magis
1347 1287 1589 1372 integra
1624 1304 2100 1368 conserventur,
2149 1285 2355 1352 donec
2389 1288 2453 1352 in
2492 1300 2731 1355 tantam
2762 1287 3094 1355 videantur

572 1397 964 1441 succrescere
1020 1396 1365 1454 summam,
1423 1385 1490 1440 ut
1547 1397 1622 1440 ex
1689 1375 1838 1460 ipsis
1895 1397 2010 1461 pro
2066 1386 2279 1441 vestro
2337 1377 2727 1443 monasterio
2783 1389 3090 1463 perpetuo

572 1461 861 1529 duratura
906 1463 1152 1550 possint
1198 1461 1409 1548 predia
1442 1464 1811 1548 comparari.
1883 1463 2026 1528 Hoc
2059 1462 2253 1543 salv0,
2302 1461 2474 1550 quod
2508 1462 2586 1530 de
2633 1463 2817 1530 bonis
2851 1463 3088 1530 eisdem

571 1572 687 1638 pro
734 1551 861 1617 suis
906 1549 1436 1636 oportunitatibus
1481 1572 1600 1616 vos
1645 1551 1942 1637 priorissa
1987 1551 2303 1637 peculium
2350 1550 2603 1638 aliquod
2648 1553 2974 1639 separetiS,
3024 1565 3091 1618 ut

570 1650 939 1726 promptum
985 1638 1094 1719 sit,
1150 1636 1349 1719 unde,
1406 1636 1577 1725 quod
1625 1637 1739 1704 sibi
1789 1637 2081 1720 defuerit,
2138 1638 2512 1726 suppleatur.
2606 1638 2706 1706 Ad
2753 1639 2876 1706 hoc
2923 1638 3091 1705 infir-

571 1727 766 1793 marie
812 1737 1017 1793 utatur
1061 1726 1276 1812 gratia,
1322 1727 1441 1791 nisi
1488 1724 1821 1814 aliquando
1870 1725 2278 1792 commedere
2311 1725 2579 1793 voluerit
2626 1729 2687 1792 in
2737 1729 3087 1794 communi.

568 1815 724 1881 Non
771 1812 1069 1880 scribatur
1114 1812 1191 1879 ad
1240 1811 1552 1894 officium,
1614 1812 1893 1879 dormire
1940 1814 2053 1879 sibi
2100 1813 2306 1880 licebit
2352 1815 2416 1878 in
2466 1814 2747 1896 culcitra,
2796 1817 2859 1882 in
2909 1817 3091 1882 cotti-

572 1901 769 1968 dianis
838 1924 970 1968 non
1039 1901 1462 1989 proclametur
1531 1901 1842 1989 capitulis,
1907 1903 2182 1968 serviciis
2239 1924 2371 1967 non
2428 1915 2737 1988 gravetur.
2830 1905 2968 1970 Hec
3030 1915 3089 1969 et

569 1989 790 2056 similia
842 1990 1129 2076 personis
1185 1988 1579 2069 sublimibus,
1642 1991 1845 2055 immo
1910 1990 2056 2071 hiis,
2168 1991 2232 2056 ui
2289 2003 2600 2058 venerunt
2665 2014 2742 2057 ex
2808 1990 3089 2057 moribus

569 2077 1059 2157 delicatioribuS,
1118 2076 1349 2165 absque
1394 2076 1609 2164 regule
1663 2078 2000 2164 prebentur
2056 2101 2097 2143 o
2148 2100 2315 2143 ensa.
2409 2078 2690 2144 Demum
2738 2080 2880 2167 quia
2943 2102 3009 2146 er
3056 2102 3089 2144 a

570 2164 887 2253 capellam,
936 2187 1057 2253 que
1098 2166 1260 2231 inter
1291 2177 1465 2253 septa
1509 2184 1713 2233 vestra
1746 2166 2127 2246 continetur,
2174 2164 2508 2232 affectione
2543 2165 2786 2233 ducitur
2818 2102 3087 2253 speciaffi,

566 2252 908 2341 prohibeO,
978 2276 1059 2318 ne
1128 2251 1207 2319 de
1275 2254 1402 2341 ipsa
1467 2265 1686 2320 contra
1750 2255 1883 2319 eius
1946 2252 2405 2340 beneplacitum
2471 2252 2635 2339 aliud
2701 2254 3086 2341 disponatur.

569 2342 874 2409 Ceterum
932 2342 1075 2428 quia
1132 2340 1375 2427 singula
1432 2340 1621 2407 simul
1676 2340 1927 2407 diffiniri
1987 2352 2337 2429 nequeunt,
2398 2364 2520 2429 que
2579 2341 2973 2429 spiritualiter
3028 2357 3090 2409 et

569 2428 974 2516 corporaliter
1048 2430 1242 2515 ipsius
1316 2427 1575 2495 domine
1639 2482 1651 2495 .
1705 2483 1717 2495 .
1780 2428 2209 2516 probabuntur
2278 2429 2640 2496 commodis
2725 2432 3087 2506 convenire,

566 2518 895 2583 karissimo
945 2516 1100 2582 mihi
1145 2518 1211 2582 in
1246 2517 1501 2583 Christo
1548 2519 1741 2604 priori
1788 2517 2156 2604 provinciali
2187 2516 2599 2584 Theuthonie
2642 2517 2789 2584 duxi
2835 2541 3088 2605 presen-

567 2604 730 2672 tibus
789 2603 1353 2687 committendum,
1415 2616 1721 2694 quatenus
1777 2604 2036 2673 utilitate
2086 2616 2292 2672 vestra
2351 2617 2412 2673 et
2459 2605 2696 2673 ordinis
2757 2606 3087 2673 honestate

567 2694 841 2781 pensatis
872 2711 1079 2760 vestre
1125 2694 1262 2794 paci
1301 2705 1363 2760 et
1407 2693 1832 2781 tranquillitati
1878 2693 2163 2760 consulat
2196 2705 2257 2760 et
2302 2692 2649 2781 provideat,
2697 2706 2885 2782 prout
2924 2696 3089 2761 iuxta

568 2780 773 2849 datam
823 2780 939 2847 sibi
982 2792 1244 2868 gratlam
1295 2779 1657 2849 iudicaverit
1704 2780 1998 2869 expedire
2048 2835 2060 2847 .
2112 2834 2125 2847 .
2175 2782 2412 2848 Datum
2460 2793 2577 2848 etc.

777 2956 886 3011 Fol.
933 2972 1027 3026 172
1047 2968 1099 3011 v.
1173 2955 1551 3009 Anscheinend
1588 2957 1653 3010 ist
1691 2957 1774 3009 die
1813 2955 1994 3010 Grafin
2034 2975 2122 3010 um
2169 2971 2304 3028 1294
2341 2957 2646 3027 gestorben.
2722 2958 2782 3009 In
2820 2956 3085 3024 Remling,

566 3045 781 3098 Kloster
806 3045 844 3111 1,
888 3060 983 3113 152
1011 3044 1167 3098 heisst
1207 3061 1263 3097 es
1301 3045 1436 3097 nach
1475 3044 1881 3097 archivaJischer
1906 3044 2131 3106 Quelle:
2174 3044 2398 3098 »Ausser
2436 3045 2575 3111 dem,
2613 3063 2725 3098 was
2765 3044 2874 3097 ihm
2902 3045 3086 3114 Agnes

567 3150 672 3186 von
712 3132 1039 3186 Orlamtmde
1078 3131 1417 3199 hinterliess«,
1458 3132 1643 3186 erhielt
1682 3132 1774 3185 der
1810 3132 2060 3185 Konvent
2107 3147 2239 3203 1294
2276 3176 2287 3186 .
2330 3176 2340 3186 .
2383 3176 2393 3187 .

1768 3340 1896 3409 127.

784 3465 1272 3553 Ordensgeneral
1328 3464 1597 3556 (Munio)
1662 3465 2184 3554 beglilckwiinscht
2247 3462 2369 3553 (die
2435 3465 2654 3618 Grc‘}fin
2713 3465 2918 3553 Agnes
2970 3489 3085 3532 von

573 3553 982 3644 Orlamiin'de)
1014 3577 1219 3641 wegen
1265 3554 1422 3619 ihres
1453 3555 1764 3620 Eintrittes
1810 3556 1872 3619 in
1905 3555 2017 3619 den
2057 3552 2266 3620 Orden
2310 3553 2438 3619 und
2465 3556 2591 3619 teit
2640 3554 2737 3619 ihr
2767 3556 2896 3633 mit,
2945 3554 3087 3705 deff<

564 3666 629 3816 εἴ
692 3643 1052 3820 ihrjtwegen
1112 3642 1205 3707 die
1274 3642 1521 3728 Strenge
1585 3642 1691 3706 der
1760 3640 2470 3729 Ordensbestimmungen
2534 3641 2854 3728 gemildert
2914 3641 2992 3707 ha
3036 3665 3083 3706 e.

599 3733 786 3814 1289.

772 3833 914 3900 Tali
946 3833 1208 3900 domine
1255 3835 1552 3920 magister
1584 3833 1822 3900 ordinis
1869 3858 2054 3921 super
2099 3836 2464 3921 receptione
2497 3857 2605 3900 sua
2652 3832 2729 3899 ad
2769 3833 3084 3909 ordinem,

562 3921 646 3988 ibi
693 3945 804 3988 cor
850 3920 1149 4009 defigere,
1194 3921 1298 3988 ubi
1344 3934 1490 3989 sunt
1534 3921 1759 4009 gaudia
1806 3924 1941 3989 sine
1973 3921 2120 3989 fine.
2198 3921 2458 3989 Auditui
2505 3944 2656 3988 meo
2706 3920 2878 3989 dedit
2908 3922 3084 3987 Deus

562 4009 859 4097 gaudium
909 4021 970 4076 et
1017 4008 1317 4091 leticiam,
1365 4033 1509 4075 nam
1558 4011 1630 4093 is,
1678 4012 1785 4097 qui
1830 4023 2010 4091 vota,
2067 4034 2188 4098 que
2235 4011 2550 4097 prevenit,
2608 4007 2974 4096 inspirando
3024 4023 3086 4075 et

562 4097 915 4165 adiuvando
948 4100 1366 4186 prosequitur,
1414 4098 1595 4164 vobis
1627 4098 1790 4164 hanc
1822 4097 2049 4165 infudit
2095 4100 2341 4165 interne
2374 4097 2526 4164 lucis
2560 4096 3083 4175 habundanciam,
3167 4125 3170 4128 ·

563 4205 630 4252 ut
678 4187 898 4273 spretis
947 4185 1167 4252 mundi
1203 4185 1452 4252 fallaciis
1501 4186 1832 4253 karismata
1872 4185 2239 4252 emulemini
2285 4185 2549 4252 meliora
2597 4198 2659 4253 et
2690 4184 2817 4251 fide
2864 4183 3083 4271 grandi

561 4273 674 4340 sub
722 4273 1044 4362 disciplina
1087 4273 1352 4361 regulari
1399 4275 1599 4361 magis
1648 4274 1886 4361 eligatis
1921 4297 2067 4340 cum
2112 4272 2351 4362 populo
2385 4274 2507 4339 Dei
2555 4274 2842 4359 castigari
2933 4296 3077 4339 uam

561 4362 945 4429 iocunditate
1004 4362 1448 4449 temporalium
1506 4363 1834 4450 inquinari.
1937 4361 2232 4429 Profecto
2292 4384 2416 4448 ego
2475 4363 2698 4428 vestris
2760 4359 2893 4426 desi
2944 4361 3084 4427 eriis

561 4451 790 4517 sanctis
824 4462 1201 4537 cooperator
1234 4451 1527 4531 existens,
1574 4449 1777 4517 obviis
1809 4449 2003 4517 letitie
2051 4450 2337 4516 manibus
2368 4449 2549 4516 vobis
2596 4450 2839 4516 iusticie
2871 4446 3083 4535 pando

559 4549 803 4625 portaS,
852 4561 1003 4626 quas
1051 4562 1194 4604 cum
1242 4539 1523 4625 ingressa
1566 4537 1835 4619 fueritiS,
1897 4562 2031 4604 non
2078 4538 2439 4605 artabuntur
2484 4561 2736 4625 gressus
2783 4538 2976 4604 vestri
3023 4549 3084 4602 et

561 4628 626 4692 in
674 4624 873 4692 odore
929 4638 1363 4713 ungentorum
1419 4628 1637 4714 sponsi
1695 4625 2010 4694 currendo
2067 4625 2518 4693 offendiculum
2568 4649 2701 4692 non
2758 4624 3083 4704 habebitis,
