3505 5335
604 377 627 419 1
642 357 722 419 68
1765 369 1953 424 Briefe.
2882 371 2927 441 J.
2972 384 3122 438 1294.

598 530 980 598 cessantibus
1026 528 1529 597 altercationibus
1564 541 1625 595 et
1665 528 2241 616 disceptationibuS,
2289 553 2410 617 que
2458 541 2720 616 possent
2752 551 3012 614 vergere
3059 529 3120 594 in

595 618 953 686 scandalum
988 617 1379 706 pusillorum,
1425 640 1547 704 ego
1597 640 1711 704 pro
1746 618 1906 683 meis
1952 615 2237 685 fratribus
2270 618 2485 684 censui
2516 615 2894 698 faciendum,
2943 628 3010 683 ut
3044 615 3123 683 ad

596 707 996 794 benignitatis
1042 719 1248 773 vestre
1296 707 1504 772 sinum
1566 728 1954 771 recurrerem
2012 724 2072 772 et
2118 718 2324 773 vestre
2380 706 2730 772 serenitatis
2777 705 3119 793 auspicium

598 815 1046 883 exspectarem.
1149 795 1214 860 Si
1270 795 1441 860 enirn
1498 792 1705 860 valere
1763 791 1946 859 nobis
2004 817 2138 860 non
2194 794 2471 882 potuerit
2524 794 2588 859 in
2647 794 2894 860 civitate
2953 794 3124 878 regia

596 885 762 971 regis
809 884 1062 970 positio,
1127 883 1178 947 si
1224 881 1439 969 populi
1486 883 1773 948 vocantis
1819 882 2167 970 requisitiO,
2225 883 2276 947 si
2324 904 2509 970 super
2556 879 2800 948 afflictis
2847 903 2963 981 pro
3020 902 3123 946 ere

595 972 800 1038 alieno
836 972 1194 1051 concussiO,
1243 971 1290 1035 si
1340 992 1470 1036 non
1507 968 1770 1036 debetur
1816 968 1926 1036 lesi
1974 969 2279 1056 privilegii
2312 970 2772 1057 compensatio,
2821 992 2872 1034 sr
2905 969 3123 1034 caritas

598 1059 844 1140 excidit,
892 1057 1049 1126 fides
1097 1056 1328 1137 deficit,
1376 1081 1518 1145 spes
1566 1056 1918 1139 confundit,
1966 1080 2095 1145 quo
2143 1057 2408 1124 ibimus?
2456 1057 2560 1123 ubi
2605 1056 2937 1124 sistemus?
2993 1078 3121 1145 quo

597 1146 1087 1215 declinabimus?
1178 1147 1322 1212 Hoc
1379 1145 1585 1213 solum
1649 1145 1954 1212 habemus
2000 1145 2261 1226 residui,
2327 1158 2395 1213 ut
2439 1144 2518 1214 ad
2566 1167 2741 1227 eum,
2809 1145 2983 1211 cuius
3032 1157 3124 1211 est

596 1256 758 1304 terra
806 1246 868 1302 et
912 1233 1241 1324 plenitudo
1291 1235 1444 1315 eiuS,
1493 1234 1715 1300 oculos
1764 1232 2125 1320 dirigamus,
2220 1234 2485 1321 Semper
2530 1234 2738 1320 vigeat
2795 1245 2855 1299 et
2901 1231 3124 1299 floreat

594 1336 799 1392 vestra
848 1321 1327 1410 magnificencia
1372 1323 1665 1409 gratiosa.

808 1498 918 1553 1201.
951 1500 1065 1570 198.
1122 1498 1232 1551 Das
1270 1497 1428 1551 letzte
1455 1498 1744 1551 Schreiben
1783 1496 1977 1551 betrifft
2016 1497 2099 1550 die
2125 1496 2429 1550 Aufnahme
2467 1497 2613 1549 eines
2639 1495 2862 1548 Knaben
2902 1511 2994 1548 aus
3032 1494 3126 1547 der

597 1587 814 1640 Familie
851 1604 956 1639 von
995 1585 1329 1657 Landsberg,
1369 1585 1562 1639 dessen
1600 1585 1790 1652 Tante,
1830 1586 1949 1638 eine
1986 1584 2167 1666 grosse
2204 1583 2600 1637 Wohlthaterin
2639 1583 2732 1636 des
2771 1582 3000 1649 Ordens,
3041 1582 3124 1636 die

595 1674 900 1729 Aufnahme
938 1674 1230 1728 sehnlichst
1269 1673 1531 1740 wunscht‚
1570 1674 1623 1726 in
1662 1673 1756 1727 das
1793 1671 2153 1741 Strassburger
2190 1671 2420 1725 Kloster.

1540 2401 1748 2406 mm-.-
1761 2377 2124 2429 gffi-
2153 2401 2175 2405 s
