3505 5335
579 357 601 398 Ι
625 355 699 399 ΙΟ
1739 352 1928 405 Briese.
2869 353 2912 421 J.
2959 354 3107 405 1288.

572 532 605 572 a
651 508 929 595 pluribus
978 508 1342 591 deferretur,
1393 522 1739 591 notaretur,
1792 511 2261 590 conveniretur,
2313 533 2644 576 censuram
2691 510 3107 596 capitulorum

573 598 881 677 extimuit,
915 596 1063 684 fuge
1098 600 1365 685 captavit
1398 597 1886 685 compendium3
1925 597 2004 664 ad
2038 597 2306 664 domum
2342 599 2838 664 Cisterciensem
2873 598 3109 664 scilicet

573 686 633 748 in
669 683 1013 751 Eberacum
1062 710 1129 751 se
1165 685 1452 766 contulit,
1501 689 1810 772 cogitanS,
1858 684 2032 774 quod
2080 688 2143 750 in
2185 688 2330 752 ocio
2367 685 2935 771 contemplacionis
2967 684 3107 772 plus

571 770 911 858 proficeret
958 796 1146 859 quam
1204 776 1269 838 in
1328 775 1603 860 negocio
1651 775 1949 840 accionis,
2029 775 2104 840 Et
2151 775 2203 839 si
2252 772 2612 860 hujusmodi
2671 775 2765 840 sui
2813 775 3108 840 transitus

570 860 849 945 priorem
900 884 1083 926 suum
1119 860 1435 942 ordinem,
1485 885 1613 949 quo
1662 885 1730 928 se
1776 864 2083 949 imparem
2133 864 2461 949 reputavit,
2511 864 2573 927 in
2614 860 2823 949 aliquo
2870 872 3110 948 pertur-

572 948 798 1029 basset,
846 950 1098 1015 veniam
1148 951 1356 1036 peciit,
1413 972 1668 1015 necnon
1720 961 1789 1016 ut
1833 951 2006 1036 prior
2052 949 2452 1036 provincialis
2507 948 2858 1016 antedictus
2905 960 3107 1015 ratum

573 1035 850 1117 haberet,
898 1035 1072 1124 quod
1119 1036 1197 1103 ad
1245 1037 1425 1102 aliam
1474 1037 1855 1123 religionem
1903 1061 1970 1104 se
2002 1037 2335 1118 transtulit,
2386 1036 2703 1103 humiliter
2749 1036 3108 1124 postulavit,

571 1125 952 1210 promittens
999 1148 1068 1190 se
1115 1126 1179 1190 in
1228 1143 1411 1191 antea
1458 1127 1545 1191 sic
1593 1126 1929 1207 victurum,
1990 1124 2166 1213 quod
2214 1148 2479 1191 omnem
2529 1127 2855 1191 racionem
2904 1125 3110 1191 exclu-

574 1210 749 1278 deret
796 1223 859 1278 et
889 1211 1193 1278 beneficia
1233 1211 1556 1279 beneficiis
1589 1225 1950 1301 coequaret.
2036 1213 2232 1280 Cuius
2271 1211 2797 1300 su(p)plicacioni
2829 1212 3109 1279 faventes

573 1321 824 1380 omneS,
871 1302 976 1387 qui
1010 1298 1288 1381 aderant,
1329 1312 1391 1368 et
1422 1312 1491 1367 ut
1523 1300 1953 1367 exaudicionis
1986 1313 2336 1367 mereretur
2368 1299 2759 1386 suffragium,
2794 1312 3106 1386 optantes,

572 1387 940 1474 reputabant
996 1389 1212 1475 pietati
1265 1388 1403 1456 fore
1460 1412 1846 1470 consonum,
1904 1391 1954 1454 si
2015 1389 2473 1475 proveheretur
2534 1387 2609 1454 ad
2674 1387 3105 1454 exaudicionis

572 1477 837 1561 gratiani
886 1487 1110 1542 votum
1159 1477 1354 1562 pium.
1441 1478 1644 1543 Porro
1692 1477 1967 1564 prefatus
2014 1477 2187 1563 prior
2233 1475 2633 1563 provincialis
2683 1477 2770 1542 sic
2819 1475 3111 1563 multipli-

575 1565 725 1628 catis
771 1564 1290 1630 intercessoribus
1324 1588 1576 1631 morem
1609 1567 1826 1652 gessit,
1875 1563 2049 1652 quod
2084 1564 2354 1630 cautelas
2401 1586 2518 1651 pro
2565 1587 2683 1629 suo
2718 1562 2942 1630 ordine
2975 1587 3107 1629 non

572 1652 814 1717 remisit
837 1650 954 1739 (?).
1033 1653 1382 1739 Requisivit
1430 1654 1622 1734 enim,
1672 1652 1847 1740 quod
1894 1651 2250 1739 sepedictus
2298 1652 2486 1718 frater
2533 1651 2851 1717 Iohannes
2901 1675 2968 1717 se
3016 1675 3108 1717 ar-

574 1738 761 1804 bitrio
809 1762 927 1804 suo
973 1742 1406 1806 committeret
1445 1739 1701 1821 libertus
1739 1739 2164 1807 ordinandum
2213 1751 2276 1806 et
2312 1738 2485 1827 quod
2526 1738 2605 1805 de
2642 1741 2928 1826 receptiS,
2965 1762 3107 1805 cum

576 1828 1067 1894 amministraret
1096 1827 1392 1894 fabricam
1428 1827 1658 1894 domus
1693 1827 1834 1894 Erbi
1884 1829 2139 1908 olensiS,
2174 1829 2400 1894 iustam
2435 1825 2732 1893 redderet
2763 1829 3109 1907 racionem,

574 1913 1027 1980 nichilominus
1086 1914 1164 1982 de
1225 1915 1393 1981 libris
1452 1927 1514 1982 et
1571 1916 1756 1983 rebus
1811 1941 1846 1982 a
1892 1915 2094 1982 ductis
2149 1917 2456 1981 iusticiam
2518 1915 2857 1981 exhiberet.
2950 1916 3107 1981 Item

574 2000 749 2089 quod
797 2001 999 2069 dictus
1045 2004 1364 2070 Iohannes
1410 2006 1473 2069 in
1523 2004 1697 2070 nullo
1746 2004 1893 2070 loco
1942 2002 2312 2091 predicaret,
2362 2005 2549 2069 etiam
2600 2005 2651 2068 si
2698 2002 2813 2069 sibi
2862 2003 2986 2069 hoc
3035 2026 3109 2069 ex

575 2089 791 2156 officio
827 2103 1242 2178 competeret,
1276 2092 1632 2180 ubicunque
1651 2091 2126 2158 Predicatorum
2164 2090 2326 2157 ordo
2361 2089 2630 2157 domum
2664 2090 2938 2171 haberet,
2972 2114 3112 2177 pre-

576 2180 757 2265 cipue
812 2180 876 2244 in
923 2179 1199 2266 Erbipoli
1256 2191 1318 2246 et
1372 2179 1739 2246 suburbanis
1797 2182 1929 2259 eius
1990 2203 2107 2246 nec
2166 2178 2637 2259 confessioneS,
2695 2181 2990 2266 precipue
3046 2180 3111 2243 in

571 2265 1048 2354 quadragesima
1095 2269 1227 2333 sive
1274 2290 1385 2355 per
1431 2268 1698 2334 modum
1749 2267 2116 2334 collacionis
2163 2279 2267 2333 aut
2315 2267 2583 2347 consilii,
2648 2268 2848 2332 eciam
2896 2268 2947 2331 si
2996 2266 3109 2332 sibi

573 2354 697 2420 hoc
756 2378 831 2420 ex
879 2353 1095 2421 officio
1145 2368 1560 2441 competeret,
1619 2355 1860 2422 audiret
1916 2354 2169 2421 ibidem.
2250 2355 2325 2421 Et
2381 2353 2556 2442 quod
2613 2377 2729 2441 pro
2785 2378 2936 2440 pace
2985 2377 3111 2420 ser-

572 2440 775 2507 vanda
835 2445 1260 2509 necessarium
1320 2456 1443 2524 est,
1511 2445 1715 2511 caveri
1772 2443 1887 2510 sibi
1942 2442 2171 2523 voluit,
2235 2466 2315 2508 ne
2380 2441 2714 2528 religiosus
2773 2444 2866 2508 vir
2928 2441 3111 2508 abbas

574 2529 1012 2611 EberacensiS,
1082 2533 1186 2619 qui
1243 2530 1409 2598 foret
1464 2554 1580 2618 pro
1640 2551 1967 2618 tempore,
2030 2531 2271 2596 nullum
2327 2529 2584 2596 fratrem
2639 2529 3109 2596 Predicatorem

576 2640 707 2683 non
743 2617 1141 2685 licenciatum
1176 2618 1249 2686 ab
1283 2621 1422 2706 ipso
1456 2619 1556 2687 vel
1588 2642 1955 2687 successore
1989 2641 2106 2685 suo
2147 2619 2455 2705 reciperet
2485 2617 2584 2684 vel
2616 2619 2679 2683 in
2713 2629 2847 2685 tota
2881 2617 3112 2685 domus

572 2730 684 2772 sue
730 2706 894 2772 linea
940 2709 1132 2794 recipi
1180 2720 1564 2795 procuraret.
1644 2710 1781 2774 Hec
1822 2709 2039 2773 omnia
2086 2718 2150 2773 et
2182 2705 2426 2793 singula
2474 2706 2867 2772 laudantibus
2917 2718 2979 2773 et
3010 2730 3109 2772 ac-

575 2793 964 2881 ceptantibus
1012 2818 1081 2861 ac
1141 2795 1605 2882 pollicitacione
1653 2796 1991 2882 sollempni
2047 2793 2563 2882 promittentibus
2624 2793 2843 2860 abbate
2891 2795 3115 2860 Ebera-

574 2883 747 2947 censi
794 2881 1062 2948 domino
1100 2936 1113 2948 .
1151 2936 1164 2948 .
1201 2894 1264 2949 et
1308 2883 1594 2949 Iohanne
1644 2883 1721 2950 de
1767 2884 2122 2969 Zouingen,
2170 2882 2445 2969 prefatus
2493 2883 2665 2969 prior
2711 2882 3113 2969 provincialis

572 2969 923 3036 licenciavit
954 2970 1311 3036 Iohannem
1344 2972 1468 3036 iam
1504 2970 1741 3037 dictum
1776 2994 1810 3036 a
1843 2994 1959 3036 suo
1995 2969 2242 3051 ordine,
2285 2981 2355 3036 ut
2385 2972 2675 3036 transiret
2708 2969 2786 3036 ad
2819 2969 3110 3036 ordinem

575 3058 1115 3139 Cisterciensium,
1164 3059 1421 3145 proviso
1454 3058 1628 3147 quod
1667 3082 1904 3124 annum
1953 3058 2356 3145 probacionis
2404 3059 2729 3145 inciperet,
2778 3058 2970 3123 nichil
3017 3080 3113 3123 re-

574 3156 798 3232 putans
847 3164 1118 3232 tempUS,
1167 3170 1294 3234 quo
1343 3146 1448 3213 lite
1495 3146 1817 3234 pendente
1850 3146 2156 3213 cucullam
2201 3145 2525 3212 detulerat.
2603 3146 2773 3212 Nam
2821 3145 2964 3212 licet
3009 3145 3114 3211 ali-

575 3235 708 3298 enis
758 3245 1111 3300 moraretur
1158 3236 1220 3300 in
1270 3236 1505 3316 castriS,
1554 3255 1937 3301 caracterem
1986 3233 2236 3300 abolere
2276 3257 2407 3299 non
2459 3235 2665 3320 potuit
2712 3234 2914 3320 prime
2963 3256 3109 3320 pro-

572 3321 866 3387 fessionis
913 3345 1032 3388 nec
1089 3322 1214 3408 legi
1268 3321 1656 3409 preiudicare
1704 3323 1937 3389 milicie
1984 3321 2336 3409 spiritualis
2414 3321 2525 3387 Set
2570 3332 2639 3387 ut
2701 3321 2853 3387 boni
2902 3323 3113 3408 operis

577 3431 794 3475 cursus
835 3420 1014 3475 tanto
1057 3409 1172 3476 s1bi
1212 3409 1392 3477 fieret
1436 3410 1819 3498 expedicior,
1868 3429 2106 3499 quanto
2150 3410 2595 3475 circumstante
2636 3408 2922 3495 pondere
2964 3408 3114 3475 libe-

574 3498 705 3562 rior
762 3496 1157 3578 redderetur,
1231 3497 1586 3585 sepedictus
1642 3500 1817 3585 prior
1881 3496 2281 3585 provincialis
2338 3498 2543 3583 ipsum
2599 3520 2634 3562 a
2691 3497 2943 3563 vinculo
3009 3521 3112 3562 ex-

576 3587 1188 3651 communicacionis
1257 3584 1554 3666 absolvit,
1631 3584 1805 3673 quod
1882 3588 2227 3651 incurrerat
2300 3608 2332 3650 a
2396 3607 2513 3650 suo
2577 3583 2801 3650 ordine
2870 3597 3113 3650 temere

577 3671 911 3738 deviandO.
991 3674 1060 3738 In
1095 3696 1285 3760 quam
1332 3675 1714 3739 sententiam
1755 3675 1961 3760 ipsum
2010 3696 2122 3758 per
2154 3671 2470 3759 quoslibet
2515 3673 2756 3759 priores
2791 3682 2854 3737 et
2885 3694 3110 3737 eorum

575 3762 844 3826 vicarios
890 3759 1106 3826 reduci
1153 3760 1474 3827 mandavit
1519 3762 1692 3848 prior
1738 3760 2139 3848 provincialis
2187 3759 2563 3847 sepedictuS,
2622 3760 2673 3824 si
2721 3770 3113 3827 memoratus

576 3846 764 3913 frater
809 3847 1128 3913 Iohannes
1176 3847 1374 3915 nollet
1421 3848 1494 3914 ab
1544 3848 1788 3915 offensa
1834 3847 2311 3914 Predicatorum
2360 3846 2600 3913 ordinis
2646 3845 2978 3913 abstinere.

790 4022 901 4077 Fol.
942 4040 1001 4093 95
1021 4036 1051 4064 v
1092 4022 1126 4078 f.

1797 4144 1897 4212 89.

791 4268 1150 4354 Provinzial
1182 4266 1565 4358 (Hermann)
1612 4268 1805 4334 dankt
1850 4267 1981 4333 dem
2030 4291 2166 4333 vom
2206 4267 2699 4355 Generalkapitel
2745 4264 2838 4355 (in
2882 4266 3113 4354 Lucca)

579 4356 1071 4422 heimkehrenden
1118 4355 1424 4444 Definitor
1454 4358 1579 4444 fiir
1623 4359 1749 4423 sein
1806 4355 2148 4422 Verhalten.
2244 4352 2283 4443 (
2278 4358 2448 4420 1288
2493 4356 2649 4421 nach
2696 4356 2841 4420 Mai
2883 4353 3017 4443 24.)

792 4460 1139 4528 Diffinitori
1171 4461 1460 4527 redeunti
1494 4461 1572 4528 de
1606 4460 1878 4549 capitulo
1911 4460 2331 4547 provincialis.
2391 4460 2454 4525 Si
2489 4462 2652 4526 inter
2684 4460 2848 4526 varia
2875 4461 3114 4526 viarum

581 4549 939 4615 discrimina
1010 4573 1157 4615 cum
1224 4548 1657 4616 incolumitate
1717 4550 1931 4616 votiva
1997 4571 2324 4615 successus
2387 4570 2727 4634 prosperos
2794 4546 3114 4625 habuistis,

579 4635 828 4723 gaudeo
886 4639 949 4702 in
1009 4636 1276 4704 domino
1327 4648 1389 4703 et
1445 4636 1736 4724 gaudebo
1793 4656 2008 4704 vestro
2065 4636 2361 4703 adventui
2417 4635 2670 4701 humilis
2728 4635 3115 4700 salutationis
