3505 5335
550 351 572 394 1
588 350 669 415 50
1713 345 1904 400 Briefe.
2834 346 2879 417 J.
2925 362 2943 398 1
2958 346 3081 416 289.

540 513 661 558 ante
700 521 796 557 vos
837 503 948 572 fuit,
993 503 1352 570 ordinaverat,
1391 504 1534 575 quod
1571 504 1686 558 libri
1723 521 1972 558 sororum
2008 505 2061 557 in
2101 504 2247 558 cellis
2286 503 2504 557 fratrum
2542 505 2737 574 reperti
2775 503 3086 559 auferentur

540 601 591 644 et
630 592 787 645 ablati
824 592 1043 644 minime
1080 590 1439 645 redderentur.
1498 591 1590 644 Set
1616 592 1720 646 hoc
1759 609 1869 645 non
1895 592 1991 646 fuit
2029 591 2434 662 intelligendum
2467 591 2532 644 de
2569 601 2755 657 matre,
2795 608 2898 662 que
2924 608 3086 645 soror

542 689 636 745 est,
685 689 765 733 set
815 680 880 732 de
928 680 1066 745 aliis,
1129 697 1230 750 que
1277 679 1398 732 talia
1443 679 1764 751 quandoque
1822 681 2219 733 communicant
2266 678 2508 732 fratribus
2564 696 2673 732 non
2734 680 2931 750 absque
2981 696 3085 750 spe

541 768 799 821 vanitatis

1745 937 1880 1009 135.

756 1064 1071 1131 Schreiben
1119 1061 1247 1152 (des
1293 1064 1745 1154 ProvinzialsO
1797 1064 1943 1130 iiber
1988 1065 2083 1130 die
2139 1064 2490 1130 Teilnahme
2537 1066 2692 1129 eines
2740 1065 3087 1130 Konventes

541 1175 621 1218 an
669 1152 1172 1218 alchimistischen
1228 1150 1654 1240 Operationen.
1750 1148 1789 1239 (
1786 1156 1910 1217 128
1911 1151 2005 1241 9.)

750 1257 1036 1324 Veniens
1082 1258 1148 1322 in
1199 1309 1212 1323 .
1265 1309 1277 1322 .
1328 1257 1573 1338 inveni,
1631 1255 1806 1345 quod
1852 1256 1982 1338 illa,
2039 1279 2160 1344 que
2209 1257 2672 1323 commiserunt
2725 1255 2944 1323 fratres
2995 1310 3007 1323 .

542 1343 1013 1432 operationibus
1045 1343 1387 1411 alchimicis
1433 1343 1810 1426 assistendO,
1858 1346 1983 1410 iam
2023 1366 2159 1410 non
2205 1356 2453 1410 tantum
2485 1342 2777 1411 dicuntur
2824 1345 2887 1410 in
2920 1346 3087 1410 auri-

540 1432 686 1512 buS,
747 1444 845 1499 set
889 1455 1089 1520 prope
1138 1444 1260 1513 est,
1321 1444 1389 1499 ut
1478 1431 1837 1499 redicentur
1883 1433 1947 1498 in
1993 1433 2209 1513 tectis,
2275 1455 2346 1498 ea
2391 1430 2683 1499 videlicet
2728 1431 2899 1518 lege,
2958 1455 3077 1520 qua

540 1519 694 1586 nihil
753 1538 848 1587 est
893 1532 1219 1607 opertum,
1283 1456 1474 1608 quod³
1504 1543 1641 1586 non
1685 1519 2015 1587 reveletur.
2119 1518 2533 1672 Propter(ea?
2595 1519 2797 1587 multo
2856 1518 3085 1586 fratres

541 1609 730 1694 positi
790 1620 937 1675 sunt
1004 1609 1110 1673 inl
1176 1609 1430 1675 timore.
1552 1608 1841 1674 Vicarius
1918 1620 2129 1675 autem
2187 1607 2424 1674 dictum
2515 1619 2746 1674 ratrem
2815 1661 2828 1674 .
2881 1660 2894 1674 .
2953 1608 3076 1673 iam

542 1698 795 1763 miserat
842 1697 902 1761 in
956 1748 969 1762 .
1021 1749 1068 1777 .,
1125 1718 1247 1797 qua
1292 1708 1506 1763 motus
1562 1697 1781 1762 nescio
1843 1697 2107 1763 ratione.
2200 1696 2367 1762 Nam
2424 1697 2617 1782 ipsius
2665 1697 2913 1762 socium
2961 1694 3082 1761 fra-

540 1796 701 1850 trem
753 1837 766 1849 .
819 1836 865 1864 .,
923 1795 991 1850 ut
1037 1783 1292 1866 dicitur,
1339 1785 1569 1850 tenetis
1619 1785 1932 1872 captivum
1984 1802 2045 1850 et
2093 1783 2244 1851 alter
2292 1806 2457 1871 pene
2504 1783 2820 1850 obnoxius
2870 1801 2964 1850 est
3012 1784 3082 1848 in

540 1873 689 1937 actis
727 1872 956 1958 posite,
1004 1894 1192 1959 quarn
1227 1873 1291 1937 in
1337 1871 1484 1939 loco
1517 1890 1730 1938 vestro
1763 1873 1868 1938 vix
1899 1870 2229 1959 tranquille
2274 1883 2490 1958 posset
2525 1870 2871 1953 exsolvere,
2921 1870 3073 1938 dum

541 1958 622 2025 ibi
654 1958 913 2026 fratrum
949 1960 1339 2026 conveniunt
1373 1959 1660 2025 examina
1690 1972 1950 2047 propter
1981 1958 2545 2047 Argent(inensia)
2581 1960 2804 2047 placita
2836 1959 3081 2026 utinam

543 2048 731 2113 cicius
764 2046 1187 2114 terminanda!
1253 2045 1465 2114 Tedet
1496 2048 1668 2114 enim
1702 2070 1913 2113 meam
1946 2049 2225 2113 animam
2256 2048 2383 2114 vite
2417 2045 2654 2135 me(e).
2716 2046 3073 2114 Consilium

540 2153 752 2201 autem
783 2133 1046 2201 fratrum
1079 2146 1193 2215 est,
1242 2134 1416 2222 quod
1463 2136 1744 2202 mittatur
1793 2137 1855 2200 in
1892 2187 1905 2201 .
1944 2187 1981 2215 .,
2031 2147 2126 2202 set
2172 2157 2358 2222 super
2403 2133 2530 2201 hoc
2561 2154 2844 2201 vestrum
2889 2134 3085 2200 bene—

539 2223 837 2375 plafitum
884 2242 1173 2309 expectO,
1224 2222 1396 2310 quod
1444 2221 1521 2289 ad
1568 2246 1672 2289 me
1708 2276 1720 2288 .
1760 2276 1773 2289 .
1808 2224 1979 2310 prior
2014 2276 2027 2288 .
2067 2275 2079 2288 .
2115 2224 2339 2289 vestris
2387 2222 2606 2290 litteris
2640 2221 2973 2290 destinabit
3009 2275 3022 2288 .
3062 2275 3083 2286 -

543 2311 640 2376 Va
667 2322 786 2377 ete.

758 2494 774 2522 ¹
813 2485 1049 2555 Doppelt
1087 2485 1190 2539 HS.

756 2643 867 2697 Fol.
912 2642 1010 2711 176
1029 2653 1081 2697 v.

1746 2816 1880 2886 136.

765 2938 1256 3026 Ordensgenerczl
1304 2936 1577 3029 (Manio)
1612 2940 1861 3028 fordert
1906 2964 2019 3025 zur
2071 2940 2615 3027 Gqfangennahme
2659 2942 2879 3025 zweier
2915 2938 3086 3027 Apo—

544 3041 738 3093 staten
785 3030 918 3117 auf.
1014 3024 1267 3119 (1289.)

757 3133 1060 3220 Magister
1108 3132 1346 3199 ordinis
1393 3134 1699 3200 universis
1746 3132 2035 3200 fratribus
2066 3132 2534 3200 Theuthonicis
2582 3131 2660 3198 de
2707 3131 3082 3220 quibusdam

549 3223 846 3309 apostatis
895 3221 1126 3302 scribit,
1175 3220 1350 3310 quod
1396 3222 1734 3309 capiantur.
1831 3221 1997 3287 Cum
2046 3222 2110 3286 in
2158 3222 2311 3287 actis
2367 3220 2615 3308 capituli
2661 3221 3088 3306 Augustensis

548 3311 826 3395 positum
876 3309 1143 3390 dicatur,
1207 3307 1380 3397 quod
1430 3310 1669 3375 cunctis
1729 3361 1742 3375 .
1796 3360 1809 3374 .
1873 3308 2184 3395 prioribus
2242 3320 2304 3376 et
2365 3330 2588 3375 eorum
2644 3309 2889 3374 vicariis
2942 3307 3080 3374 fore

549 3396 770 3464 debeat
828 3396 1103 3463 studium
1175 3395 1802 3477 excommunicandi,
1870 3394 2322 3477 denunciandi,
2381 3394 2699 3483 capiendi,
2756 3394 3079 3462 detinendi

547 3483 801 3550 fratrem
852 3537 864 3550 .
917 3537 930 3551 .
980 3496 1360 3571 apostatam,
1425 3484 1866 3570 falsografum,
1933 3483 2378 3565 alchimistam,
2433 3481 2921 3571 reprehensibile
2977 3482 3090 3549 ad-

549 3571 815 3638 modum
873 3571 1209 3653 iudicatur,
1272 3570 1446 3660 quod
1506 3572 1609 3638 vix
1666 3571 1852 3659 aliqui
1911 3583 2191 3638 vestrum
2253 3572 2378 3637 hoc
2427 3594 2587 3659 opus
2649 3570 2725 3638 ad
2784 3570 3078 3638 effectum

551 3658 831 3726 debitum
889 3671 1386 3747 prosequuntur,
1449 3671 1544 3726 set
1600 3660 1805 3725 missis
1864 3658 2151 3725 manibus
2205 3660 2466 3747 pigricie
2523 3658 2636 3724 sub
2695 3657 2964 3740 ascelli8,
3028 3659 3080 3723 si

592 3748 685 3813 uis
733 3748 796 3812 in
829 3746 1053 3813 faciem
1100 3770 1216 3813 vos
1250 3745 1436 3827 cedit,
1483 3748 1536 3812 si
1581 3748 1716 3834 quis
1752 3745 2087 3828 extollitur,
2137 3748 2187 3812 si
2234 3747 2369 3847 quis
2405 3745 2687 3828 devorat,
2735 3747 3082 3813 sustinetiS.

546 3771 758 3901 ll’roch
793 3834 1024 3922 pudor!
1075 3833 1249 3923 quod
1293 3856 1409 3921 pro
1457 3834 1678 3901 talibus
1712 3846 1776 3901 et
1819 3853 1948 3900 tam
1997 3832 2389 3900 evidentibus
2422 3833 2811 3921 calumpniiS,
2859 3833 3089 3921 quibus

551 3945 684 3987 non
731 3921 959 3988 solum
987 3945 1260 4010 persone
1308 3921 1604 4009 speciales
1655 3920 2127 4003 confodiuntur,
2183 3920 2296 3988 sed
2341 3933 2513 3989 totus
2561 3920 2723 3988 ordo
2770 3922 3086 4009 appetitur

551 4022 613 4076 et
674 4009 1025 4076 conciditur
1078 4008 1339 4076 vulnere
1404 4033 1590 4097 super
1645 4009 1899 4092 vulnuS,
1963 4032 2082 4076 nec
2141 4008 2309 4075 zelus
2369 4033 2486 4076 vos
2552 4008 2903 4076 commedit
2962 4032 3094 4079 nec,

552 4099 770 4164 caritas
815 4109 999 4184 urget
1044 4120 1162 4163 nec
1210 4096 1558 4184 indignatio
1605 4097 1825 4164 fervet.
1918 4097 2026 4163 Set
2072 4097 2275 4164 homo
2322 4108 2634 4185 apostata,
2683 4097 2778 4163 vir
2823 4095 3084 4177 inutilis,

551 4186 726 4251 cuius
762 4185 1082 4252 vesaniam
1132 4208 1411 4252 carceres
1460 4197 1522 4252 et
1568 4184 1766 4252 eculei
1813 4208 2222 4273 compescere
2269 4186 2708 4273 nequiverunt,
2758 4196 3080 4272 tamquam

538 4273 788 4362 pullum
839 4274 1060 4359 onagri
1105 4271 1370 4339 liberum
1418 4296 1485 4339 se
1531 4285 1757 4360 putans
1804 4295 2103 4360 perverso
2165 4272 2357 4339 corde
2406 4272 2643 4338 malum
2691 4272 3090 4339 machinatus.

553 4361 1088 4427 comminationes
1134 4373 1324 4428 tetras
1358 4360 1435 4427 de
1470 4362 1780 4449 corruptis
1826 4360 2172 4448 precordiis
2205 4359 2531 4441 exalandO,
2579 4371 2714 4426 tota
2746 4359 2847 4426 die
2885 4360 3082 4446 iurgia

553 4449 841 4530 seminat,
888 4446 1130 4514 libellos
1176 4447 1432 4514 infamie
1478 4447 1848 4528 iactitandO,
1910 4459 2131 4515 contra
2177 4470 2451 4536 quorum
2509 4459 2799 4515 auctores
2848 4459 2910 4514 et
2957 4469 3090 4513 ser·

552 4547 801 4602 vatores
847 4535 904 4602 le
953 4558 1019 4601 es
1066 4535 1256 4602 seculi
1303 4536 1606 4602 frameam
1653 4538 1983 4617 suscitant,
2044 4547 2365 4602 armantur
2409 4537 2543 4601 iura
2596 4534 2801 4602 ultore
2847 4533 3083 4621 gladiO,

553 4623 843 4711 quatinus
914 4635 1136 4690 unesta
1181 4647 1343 4690 voce
1388 4625 1628 4711 precisa
1673 4625 1896 4712 pocius
1929 4647 2116 4712 quam
2165 4622 2391 4704 audita,
2441 4621 2613 4711 quod
2660 4624 2910 4704 meruit,
2958 4620 3086 4688 luat
