<?xml version="1.0" encoding="UTF-8"?>
<!DOCTYPE html PUBLIC "-//W3C//DTD XHTML 1.0 Transitional//EN"
    "http://www.w3.org/TR/xhtml1/DTD/xhtml1-transitional.dtd">
<html xmlns="http://www.w3.org/1999/xhtml" xml:lang="en" lang="en">
 <head>
  <title>
</title>
<meta http-equiv="Content-Type" content="text/html;charset=utf-8" />
  <meta name='ocr-system' content='tesseract 3.04.00' />
  <meta name='ocr-capabilities' content='ocr_page ocr_carea ocr_par ocr_line ocrx_word'/>
</head>
<body>
  <div class='ocr_page' id='page_1' title='image "./ungedrucktedomi01finkgoog_0150.png"; bbox 0 0 3505 5335; ppageno 0'>
   <div class='ocr_carea' id='block_1_1' title="bbox 566 331 3076 413">
    <p class='ocr_par' dir='ltr' id='par_1_1' title="bbox 566 331 3076 413">
     <span class='ocr_line' id='line_1_1' title="bbox 566 331 3076 413; baseline 0.002 -21"><span class='ocrx_word' id='word_1_1' title='bbox 566 349 587 392; x_wconf 94' lang='lat'>1</span> <span class='ocrx_word' id='word_1_2' title='bbox 607 331 683 412; x_wconf 82' lang='lat'><strong>38</strong></span> <span class='ocrx_word' id='word_1_3' title='bbox 1726 341 1916 396; x_wconf 89' lang='lat' dir='ltr'><strong>Briefe.</strong></span> <span class='ocrx_word' id='word_1_4' title='bbox 2838 343 2883 412; x_wconf 90' lang='lat' dir='ltr'><strong>J.</strong></span> <span class='ocrx_word' id='word_1_5' title='bbox 2927 359 2944 394; x_wconf 89' lang='lat'>1</span> <span class='ocrx_word' id='word_1_6' title='bbox 2960 345 3076 413; x_wconf 87' lang='lat'>289.</span> 
     </span>
    </p>
   </div>
   <div class='ocr_carea' id='block_1_2' title="bbox 553 499 3100 2591">
    <p class='ocr_par' dir='ltr' id='par_1_2' title="bbox 553 499 3100 2591">
     <span class='ocr_line' id='line_1_2' title="bbox 556 499 3078 589; baseline 0 -21"><span class='ocrx_word' id='word_1_7' title='bbox 556 502 679 568; x_wconf 93' lang='lat' dir='ltr'><strong>hoc</strong></span> <span class='ocrx_word' id='word_1_8' title='bbox 728 525 870 568; x_wconf 92' lang='lat' dir='ltr'><strong>casu</strong></span> <span class='ocrx_word' id='word_1_9' title='bbox 919 501 1148 568; x_wconf 91' lang='lat' dir='ltr'><strong>nullam</strong></span> <span class='ocrx_word' id='word_1_10' title='bbox 1198 503 1425 589; x_wconf 91' lang='lat' dir='ltr'>propin</span> <span class='ocrx_word' id='word_1_11' title='bbox 1473 503 1661 583; x_wconf 78' lang='lat' dir='ltr'><strong>uitaS,</strong></span> <span class='ocrx_word' id='word_1_12' title='bbox 1720 500 2079 581; x_wconf 88' lang='lat' dir='ltr'><strong>infirmitas,</strong></span> <span class='ocrx_word' id='word_1_13' title='bbox 2136 500 2479 582; x_wconf 88' lang='lat' dir='ltr'><strong>medicina,</strong></span> <span class='ocrx_word' id='word_1_14' title='bbox 2543 499 2920 567; x_wconf 85' lang='lat' dir='ltr'><strong>familiaritas</strong></span> <span class='ocrx_word' id='word_1_15' title='bbox 2975 513 3078 568; x_wconf 91' lang='lat' dir='ltr'><strong>aut</strong></span> 
     </span>
     <span class='ocr_line' id='line_1_3' title="bbox 556 525 3074 675; baseline -0 -20"><span class='ocrx_word' id='word_1_16' title='bbox 556 588 970 657; x_wconf 88' lang='lat' dir='ltr'><strong>beneficentia</strong></span> <span class='ocrx_word' id='word_1_17' title='bbox 1003 588 1337 657; x_wconf 83' lang='lat' dir='ltr'><strong>excusabit.</strong></span> <span class='ocrx_word' id='word_1_18' title='bbox 1402 525 1572 656; x_wconf 48' lang='lat' dir='ltr'><strong>flam</strong></span> <span class='ocrx_word' id='word_1_19' title='bbox 1604 588 1764 656; x_wconf 89' lang='lat' dir='ltr'><strong>facta</strong></span> <span class='ocrx_word' id='word_1_20' title='bbox 1793 588 1932 656; x_wconf 92' lang='lat' dir='ltr'><strong>luce</strong></span> <span class='ocrx_word' id='word_1_21' title='bbox 1977 590 2251 675; x_wconf 89' lang='lat' dir='ltr'><strong>primum</strong></span> <span class='ocrx_word' id='word_1_22' title='bbox 2284 611 2396 675; x_wconf 92' lang='lat' dir='ltr'><strong>per</strong></span> <span class='ocrx_word' id='word_1_23' title='bbox 2427 600 2752 655; x_wconf 88' lang='lat' dir='ltr'><strong>auctorem</strong></span> <span class='ocrx_word' id='word_1_24' title='bbox 2785 589 3074 655; x_wconf 88' lang='lat' dir='ltr'><strong>omniurn</strong></span> 
     </span>
     <span class='ocr_line' id='line_1_4' title="bbox 556 677 3076 766; baseline 0 -23"><span class='ocrx_word' id='word_1_25' title='bbox 556 702 590 743; x_wconf 86' lang='lat' dir='ltr'><strong>a</strong></span> <span class='ocrx_word' id='word_1_26' title='bbox 634 677 907 745; x_wconf 89' lang='lat' dir='ltr'><strong>tenebris</strong></span> <span class='ocrx_word' id='word_1_27' title='bbox 956 697 1048 744; x_wconf 90' lang='lat' dir='ltr'><strong>est</strong></span> <span class='ocrx_word' id='word_1_28' title='bbox 1096 677 1309 744; x_wconf 89' lang='lat' dir='ltr'><strong>divisa.</strong></span> <span class='ocrx_word' id='word_1_29' title='bbox 1398 678 1472 745; x_wconf 86' lang='lat' dir='ltr'><strong>Et</strong></span> <span class='ocrx_word' id='word_1_30' title='bbox 1505 679 1647 766; x_wconf 93' lang='lat' dir='ltr'><strong>quia</strong></span> <span class='ocrx_word' id='word_1_31' title='bbox 1692 688 1902 743; x_wconf 88' lang='lat' dir='ltr'><strong>tantus</strong></span> <span class='ocrx_word' id='word_1_32' title='bbox 1951 699 2241 743; x_wconf 87' lang='lat' dir='ltr'><strong>excessus</strong></span> <span class='ocrx_word' id='word_1_33' title='bbox 2274 678 2376 743; x_wconf 88' lang='lat' dir='ltr'><strong>vix</strong></span> <span class='ocrx_word' id='word_1_34' title='bbox 2422 688 2637 763; x_wconf 90' lang='lat' dir='ltr'><strong>posset</strong></span> <span class='ocrx_word' id='word_1_35' title='bbox 2684 678 3076 763; x_wconf 89' lang='lat' dir='ltr'><strong>contingere,</strong></span> 
     </span>
     <span class='ocr_line' id='line_1_5' title="bbox 555 762 3076 853; baseline -0 -22"><span class='ocrx_word' id='word_1_36' title='bbox 555 767 636 846; x_wconf 92' lang='lat' dir='ltr'><strong>si,</strong></span> <span class='ocrx_word' id='word_1_37' title='bbox 693 788 813 853; x_wconf 92' lang='lat' dir='ltr'><strong>que</strong></span> <span class='ocrx_word' id='word_1_38' title='bbox 860 778 1148 852; x_wconf 86' lang='lat' dir='ltr'><strong>presunt,</strong></span> <span class='ocrx_word' id='word_1_39' title='bbox 1206 765 1439 833; x_wconf 91' lang='lat' dir='ltr'><strong>vellent</strong></span> <span class='ocrx_word' id='word_1_40' title='bbox 1484 788 1671 853; x_wconf 89' lang='lat' dir='ltr'><strong>super</strong></span> <span class='ocrx_word' id='word_1_41' title='bbox 1717 765 1947 831; x_wconf 88' lang='lat' dir='ltr'><strong>domus</strong></span> <span class='ocrx_word' id='word_1_42' title='bbox 2004 762 2287 831; x_wconf 88' lang='lat' dir='ltr'><strong>custodia</strong></span> <span class='ocrx_word' id='word_1_43' title='bbox 2332 764 2616 851; x_wconf 90' lang='lat' dir='ltr'><strong>vigilare,</strong></span> <span class='ocrx_word' id='word_1_44' title='bbox 2675 763 2798 831; x_wconf 89' lang='lat' dir='ltr'><strong>hoc</strong></span> <span class='ocrx_word' id='word_1_45' title='bbox 2846 763 3076 831; x_wconf 90' lang='lat' dir='ltr'><strong>ordino</strong></span> 
     </span>
     <span class='ocr_line' id='line_1_6' title="bbox 557 851 3078 941; baseline 0 -22"><span class='ocrx_word' id='word_1_46' title='bbox 557 866 618 920; x_wconf 89' lang='lat' dir='ltr'><strong>et</strong></span> <span class='ocrx_word' id='word_1_47' title='bbox 649 854 935 940; x_wconf 84' lang='lat' dir='ltr'><strong>iniungO,</strong></span> <span class='ocrx_word' id='word_1_48' title='bbox 983 865 1311 941; x_wconf 88' lang='lat' dir='ltr'><strong>quatenus,</strong></span> <span class='ocrx_word' id='word_1_49' title='bbox 1357 855 1407 919; x_wconf 90' lang='lat' dir='ltr'><strong>si</strong></span> <span class='ocrx_word' id='word_1_50' title='bbox 1439 876 1711 940; x_wconf 89' lang='lat' dir='ltr'><strong>persone</strong></span> <span class='ocrx_word' id='word_1_51' title='bbox 1759 853 2066 920; x_wconf 89' lang='lat' dir='ltr'><strong>seculares</strong></span> <span class='ocrx_word' id='word_1_52' title='bbox 2098 852 2196 919; x_wconf 91' lang='lat' dir='ltr'><strong>vel</strong></span> <span class='ocrx_word' id='word_1_53' title='bbox 2243 851 2558 939; x_wconf 85' lang='lat' dir='ltr'><strong>religiose,</strong></span> <span class='ocrx_word' id='word_1_54' title='bbox 2607 876 2727 940; x_wconf 92' lang='lat' dir='ltr'><strong>que</strong></span> <span class='ocrx_word' id='word_1_55' title='bbox 2768 875 2899 918; x_wconf 92' lang='lat' dir='ltr'><strong>non</strong></span> <span class='ocrx_word' id='word_1_56' title='bbox 2933 865 3078 919; x_wconf 90' lang='lat' dir='ltr'><strong>sunt</strong></span> 
     </span>
     <span class='ocr_line' id='line_1_7' title="bbox 555 939 3076 1027; baseline -0 -21"><span class='ocrx_word' id='word_1_57' title='bbox 555 943 755 1008; x_wconf 86' lang='lat' dir='ltr'><strong>nostri</strong></span> <span class='ocrx_word' id='word_1_58' title='bbox 804 941 1064 1022; x_wconf 80' lang='lat' dir='ltr'><strong>ordiniS,</strong></span> <span class='ocrx_word' id='word_1_59' title='bbox 1112 942 1271 1008; x_wconf 90' lang='lat' dir='ltr'><strong>intra</strong></span> <span class='ocrx_word' id='word_1_60' title='bbox 1314 940 1649 1008; x_wconf 90' lang='lat' dir='ltr'><strong>claustrum</strong></span> <span class='ocrx_word' id='word_1_61' title='bbox 1695 963 1807 1027; x_wconf 92' lang='lat' dir='ltr'><strong>per</strong></span> <span class='ocrx_word' id='word_1_62' title='bbox 1854 939 2224 1007; x_wconf 89' lang='lat' dir='ltr'><strong>industriam</strong></span> <span class='ocrx_word' id='word_1_63' title='bbox 2270 941 2628 1021; x_wconf 85' lang='lat' dir='ltr'><strong>invitantur,</strong></span> <span class='ocrx_word' id='word_1_64' title='bbox 2676 939 3076 1021; x_wconf 88' lang='lat' dir='ltr'><strong>inducuntur,</strong></span> 
     </span>
     <span class='ocr_line' id='line_1_8' title="bbox 555 1028 3079 1116; baseline 0 -22"><span class='ocrx_word' id='word_1_65' title='bbox 555 1028 913 1108; x_wconf 91' lang='lat' dir='ltr'><strong>illabuntur,</strong></span> <span class='ocrx_word' id='word_1_66' title='bbox 974 1030 1391 1116; x_wconf 87' lang='lat' dir='ltr'><strong>recipiuntur,</strong></span> <span class='ocrx_word' id='word_1_67' title='bbox 1453 1029 1870 1109; x_wconf 87' lang='lat' dir='ltr'><strong>associantur,</strong></span> <span class='ocrx_word' id='word_1_68' title='bbox 1918 1028 2242 1095; x_wconf 86' lang='lat' dir='ltr'><strong>dormiunt</strong></span> <span class='ocrx_word' id='word_1_69' title='bbox 2299 1041 2402 1094; x_wconf 91' lang='lat' dir='ltr'><strong>aut</strong></span> <span class='ocrx_word' id='word_1_70' title='bbox 2450 1041 2815 1109; x_wconf 88' lang='lat' dir='ltr'><strong>vescuntur,</strong></span> <span class='ocrx_word' id='word_1_71' title='bbox 2878 1029 3079 1095; x_wconf 89' lang='lat' dir='ltr'><strong>cuius-</strong></span> 
     </span>
     <span class='ocr_line' id='line_1_9' title="bbox 556 1115 3078 1205; baseline -0 -22"><span class='ocrx_word' id='word_1_72' title='bbox 556 1141 802 1205; x_wconf 87' lang='lat' dir='ltr'><strong>cunque</strong></span> <span class='ocrx_word' id='word_1_73' title='bbox 859 1129 1053 1183; x_wconf 90' lang='lat' dir='ltr'><strong>status</strong></span> <span class='ocrx_word' id='word_1_74' title='bbox 1100 1117 1198 1184; x_wconf 91' lang='lat' dir='ltr'><strong>vel</strong></span> <span class='ocrx_word' id='word_1_75' title='bbox 1256 1140 1440 1183; x_wconf 86' lang='lat' dir='ltr'><strong>sexus</strong></span> <span class='ocrx_word' id='word_1_76' title='bbox 1495 1116 1755 1198; x_wconf 89' lang='lat' dir='ltr'><strong>fuerint,</strong></span> <span class='ocrx_word' id='word_1_77' title='bbox 1815 1118 2110 1204; x_wconf 84' lang='lat' dir='ltr'><strong>priorissa</strong></span> <span class='ocrx_word' id='word_1_78' title='bbox 2155 1139 2190 1182; x_wconf 89' lang='lat' dir='ltr'><strong>a</strong></span> <span class='ocrx_word' id='word_1_79' title='bbox 2246 1139 2363 1182; x_wconf 92' lang='lat' dir='ltr'><strong>suo</strong></span> <span class='ocrx_word' id='word_1_80' title='bbox 2412 1115 2628 1182; x_wconf 90' lang='lat' dir='ltr'><strong>officio</strong></span> <span class='ocrx_word' id='word_1_81' title='bbox 2686 1115 3078 1202; x_wconf 87' lang='lat' dir='ltr'><strong>presentibus</strong></span> 
     </span>
     <span class='ocr_line' id='line_1_10' title="bbox 556 1203 3100 1292; baseline -0.001 -21"><span class='ocrx_word' id='word_1_82' title='bbox 556 1207 636 1272; x_wconf 87' lang='lat' dir='ltr'><strong>sit</strong></span> <span class='ocrx_word' id='word_1_83' title='bbox 683 1228 1014 1292; x_wconf 90' lang='lat' dir='ltr'><strong>suspensa,</strong></span> <span class='ocrx_word' id='word_1_84' title='bbox 1078 1204 1283 1272; x_wconf 91' lang='lat' dir='ltr'><strong>donec</strong></span> <span class='ocrx_word' id='word_1_85' title='bbox 1332 1206 1623 1292; x_wconf 88' lang='lat' dir='ltr'><strong>imposita</strong></span> <span class='ocrx_word' id='word_1_86' title='bbox 1683 1204 1798 1270; x_wconf 90' lang='lat' dir='ltr'><strong>sibi</strong></span> <span class='ocrx_word' id='word_1_87' title='bbox 1858 1205 2202 1292; x_wconf 90' lang='lat' dir='ltr'><strong>penitentia</strong></span> <span class='ocrx_word' id='word_1_88' title='bbox 2258 1203 2590 1271; x_wconf 88' lang='lat' dir='ltr'><strong>sufficienti</strong></span> <span class='ocrx_word' id='word_1_89' title='bbox 2634 1226 2745 1290; x_wconf 93' lang='lat' dir='ltr'><strong>per</strong></span> <span class='ocrx_word' id='word_1_90' title='bbox 2800 1206 3100 1290; x_wconf 67' lang='lat' dir='ltr'><strong>priorem,</strong></span> 
     </span>
     <span class='ocr_line' id='line_1_11' title="bbox 553 1291 3076 1379; baseline 0 -20"><span class='ocrx_word' id='word_1_91' title='bbox 553 1296 1022 1379; x_wconf 88' lang='lat' dir='ltr'><strong>Augustensem</strong></span> <span class='ocrx_word' id='word_1_92' title='bbox 1047 1292 1124 1361; x_wconf 94' lang='lat' dir='ltr'><strong>de</strong></span> <span class='ocrx_word' id='word_1_93' title='bbox 1151 1293 1416 1359; x_wconf 91' lang='lat' dir='ltr'><strong>consilio</strong></span> <span class='ocrx_word' id='word_1_94' title='bbox 1440 1291 1858 1359; x_wconf 89' lang='lat' dir='ltr'><strong>discretorum</strong></span> <span class='ocrx_word' id='word_1_95' title='bbox 1891 1292 2239 1374; x_wconf 77' lang='lat' dir='ltr'><strong>satisfaciat,</strong></span> <span class='ocrx_word' id='word_1_96' title='bbox 2274 1291 2458 1358; x_wconf 87' lang='lat' dir='ltr'><strong>fuerit</strong></span> <span class='ocrx_word' id='word_1_97' title='bbox 2489 1292 2827 1359; x_wconf 81' lang='lat' dir='ltr'><strong>restituta.²</strong></span> <span class='ocrx_word' id='word_1_98' title='bbox 2877 1291 3076 1372; x_wconf 88' lang='lat' dir='ltr'><strong>Quod</strong></span> 
     </span>
     <span class='ocr_line' id='line_1_12' title="bbox 557 1380 3078 1468; baseline -0 -22"><span class='ocrx_word' id='word_1_99' title='bbox 557 1383 606 1446; x_wconf 89' lang='lat' dir='ltr'><strong>si</strong></span> <span class='ocrx_word' id='word_1_100' title='bbox 654 1383 877 1448; x_wconf 90' lang='lat' dir='ltr'><strong>iterato</strong></span> <span class='ocrx_word' id='word_1_101' title='bbox 925 1380 1015 1462; x_wconf 91' lang='lat' dir='ltr'><strong>fit,</strong></span> <span class='ocrx_word' id='word_1_102' title='bbox 1071 1384 1299 1448; x_wconf 91' lang='lat' dir='ltr'><strong>iterum</strong></span> <span class='ocrx_word' id='word_1_103' title='bbox 1346 1404 1678 1468; x_wconf 89' lang='lat' dir='ltr'><strong>suspensa,</strong></span> <span class='ocrx_word' id='word_1_104' title='bbox 1741 1382 1940 1446; x_wconf 87' lang='lat' dir='ltr'><strong>acrius</strong></span> <span class='ocrx_word' id='word_1_105' title='bbox 1986 1381 2306 1467; x_wconf 89' lang='lat' dir='ltr'><strong>puniatur,</strong></span> <span class='ocrx_word' id='word_1_106' title='bbox 2366 1392 2460 1447; x_wconf 92' lang='lat' dir='ltr'><strong>set</strong></span> <span class='ocrx_word' id='word_1_107' title='bbox 2509 1382 2639 1446; x_wconf 88' lang='lat' dir='ltr'><strong>eius</strong></span> <span class='ocrx_word' id='word_1_108' title='bbox 2686 1381 2998 1447; x_wconf 90' lang='lat' dir='ltr'><strong>restitutio</strong></span> <span class='ocrx_word' id='word_1_109' title='bbox 3045 1404 3078 1445; x_wconf 91' lang='lat' dir='ltr'><strong>a</strong></span> 
     </span>
     <span class='ocr_line' id='line_1_13' title="bbox 553 1466 3079 1556; baseline -0 -22"><span class='ocrx_word' id='word_1_110' title='bbox 553 1470 764 1555; x_wconf 91' lang='lat' dir='ltr'><strong>priore</strong></span> <span class='ocrx_word' id='word_1_111' title='bbox 809 1468 1169 1556; x_wconf 89' lang='lat' dir='ltr'><strong>provinciali</strong></span> <span class='ocrx_word' id='word_1_112' title='bbox 1218 1468 1316 1535; x_wconf 90' lang='lat' dir='ltr'><strong>vel</strong></span> <span class='ocrx_word' id='word_1_113' title='bbox 1364 1470 1495 1535; x_wconf 91' lang='lat' dir='ltr'><strong>eius</strong></span> <span class='ocrx_word' id='word_1_114' title='bbox 1541 1469 1775 1535; x_wconf 88' lang='lat' dir='ltr'><strong>vicario</strong></span> <span class='ocrx_word' id='word_1_115' title='bbox 1823 1470 2031 1555; x_wconf 91' lang='lat' dir='ltr'><strong>priore</strong></span> <span class='ocrx_word' id='word_1_116' title='bbox 2078 1467 2202 1534; x_wconf 93' lang='lat' dir='ltr'><strong>loci</strong></span> <span class='ocrx_word' id='word_1_117' title='bbox 2247 1466 2525 1535; x_wconf 83' lang='lat' dir='ltr'><strong>adhibito</strong></span> <span class='ocrx_word' id='word_1_118' title='bbox 2571 1468 2941 1554; x_wconf 91' lang='lat' dir='ltr'><strong>postuletur.</strong></span> <span class='ocrx_word' id='word_1_119' title='bbox 3013 1467 3079 1533; x_wconf 89' lang='lat' dir='ltr'><strong>Si</strong></span> 
     </span>
     <span class='ocr_line' id='line_1_14' title="bbox 554 1554 3078 1644; baseline 0 -22"><span class='ocrx_word' id='word_1_120' title='bbox 554 1580 707 1623; x_wconf 88' lang='lat' dir='ltr'><strong>vero</strong></span> <span class='ocrx_word' id='word_1_121' title='bbox 740 1559 927 1623; x_wconf 89' lang='lat' dir='ltr'><strong>tertio</strong></span> <span class='ocrx_word' id='word_1_122' title='bbox 962 1559 1318 1643; x_wconf 89' lang='lat' dir='ltr'><strong>contigerit,</strong></span> <span class='ocrx_word' id='word_1_123' title='bbox 1365 1558 1503 1643; x_wconf 89' lang='lat' dir='ltr'><strong>ipso</strong></span> <span class='ocrx_word' id='word_1_124' title='bbox 1551 1555 1717 1623; x_wconf 89' lang='lat' dir='ltr'><strong>facto</strong></span> <span class='ocrx_word' id='word_1_125' title='bbox 1767 1557 1843 1622; x_wconf 88' lang='lat' dir='ltr'><strong>sit</strong></span> <span class='ocrx_word' id='word_1_126' title='bbox 1877 1554 2157 1622; x_wconf 91' lang='lat' dir='ltr'><strong>absoluta</strong></span> <span class='ocrx_word' id='word_1_127' title='bbox 2204 1555 2279 1623; x_wconf 93' lang='lat' dir='ltr'><strong>ab</strong></span> <span class='ocrx_word' id='word_1_128' title='bbox 2313 1554 2549 1637; x_wconf 90' lang='lat' dir='ltr'><strong>offici0,</strong></span> <span class='ocrx_word' id='word_1_129' title='bbox 2597 1554 2770 1644; x_wconf 91' lang='lat' dir='ltr'><strong>quod</strong></span> <span class='ocrx_word' id='word_1_130' title='bbox 2801 1555 3078 1643; x_wconf 89' lang='lat' dir='ltr'><strong>gerebat,</strong></span> 
     </span>
     <span class='ocr_line' id='line_1_15' title="bbox 556 1642 3079 1733; baseline -0 -23"><span class='ocrx_word' id='word_1_131' title='bbox 556 1644 635 1710; x_wconf 87' lang='lat' dir='ltr'><strong>de</strong></span> <span class='ocrx_word' id='word_1_132' title='bbox 693 1665 905 1711; x_wconf 91' lang='lat' dir='ltr'><strong>cetero</strong></span> <span class='ocrx_word' id='word_1_133' title='bbox 962 1644 1191 1733; x_wconf 86' lang='lat' dir='ltr'><strong>absque</strong></span> <span class='ocrx_word' id='word_1_134' title='bbox 1252 1644 1345 1710; x_wconf 90' lang='lat' dir='ltr'><strong>dis</strong></span> <span class='ocrx_word' id='word_1_135' title='bbox 1392 1646 1721 1711; x_wconf 90' lang='lat' dir='ltr'><strong>ensatione</strong></span> <span class='ocrx_word' id='word_1_136' title='bbox 1777 1643 1853 1709; x_wconf 90' lang='lat' dir='ltr'><strong>ad</strong></span> <span class='ocrx_word' id='word_1_137' title='bbox 1912 1642 2192 1710; x_wconf 89' lang='lat' dir='ltr'><strong>officium</strong></span> <span class='ocrx_word' id='word_1_138' title='bbox 2250 1643 2452 1711; x_wconf 89' lang='lat' dir='ltr'><strong>simile</strong></span> <span class='ocrx_word' id='word_1_139' title='bbox 2501 1645 2762 1710; x_wconf 90' lang='lat' dir='ltr'><strong>minime</strong></span> <span class='ocrx_word' id='word_1_140' title='bbox 2820 1666 3079 1730; x_wconf 90' lang='lat' dir='ltr'><strong>promo-</strong></span> 
     </span>
     <span class='ocr_line' id='line_1_16' title="bbox 555 1730 3077 1814; baseline -0 -16"><span class='ocrx_word' id='word_1_141' title='bbox 555 1731 787 1814; x_wconf 83' lang='lat' dir='ltr'><strong>venda,</strong></span> <span class='ocrx_word' id='word_1_142' title='bbox 844 1734 962 1798; x_wconf 90' lang='lat' dir='ltr'><strong>nisi</strong></span> <span class='ocrx_word' id='word_1_143' title='bbox 1009 1732 1171 1799; x_wconf 89' lang='lat' dir='ltr'><strong>forte</strong></span> <span class='ocrx_word' id='word_1_144' title='bbox 1219 1734 1281 1798; x_wconf 93' lang='lat' dir='ltr'><strong>in</strong></span> <span class='ocrx_word' id='word_1_145' title='bbox 1354 1732 1612 1799; x_wconf 88' lang='lat' dir='ltr'><strong>raudem</strong></span> <span class='ocrx_word' id='word_1_146' title='bbox 1659 1731 1785 1798; x_wconf 94' lang='lat' dir='ltr'><strong>hoc</strong></span> <span class='ocrx_word' id='word_1_147' title='bbox 1831 1731 2035 1798; x_wconf 88' lang='lat' dir='ltr'><strong>facere</strong></span> <span class='ocrx_word' id='word_1_148' title='bbox 2082 1743 2444 1813; x_wconf 91' lang='lat' dir='ltr'><strong>conaretur,</strong></span> <span class='ocrx_word' id='word_1_149' title='bbox 2508 1743 2572 1798; x_wconf 92' lang='lat' dir='ltr'><strong>ut</strong></span> <span class='ocrx_word' id='word_1_150' title='bbox 2621 1750 2857 1798; x_wconf 90' lang='lat' dir='ltr'><strong>careret</strong></span> <span class='ocrx_word' id='word_1_151' title='bbox 2904 1730 3077 1798; x_wconf 93' lang='lat' dir='ltr'><strong>tedio</strong></span> 
     </span>
     <span class='ocr_line' id='line_1_17' title="bbox 555 1817 3076 1907; baseline -0 -22"><span class='ocrx_word' id='word_1_152' title='bbox 555 1819 765 1886; x_wconf 89' lang='lat' dir='ltr'><strong>officii.</strong></span> <span class='ocrx_word' id='word_1_153' title='bbox 844 1820 1032 1887; x_wconf 92' lang='lat' dir='ltr'><strong>Tunc</strong></span> <span class='ocrx_word' id='word_1_154' title='bbox 1070 1843 1204 1886; x_wconf 90' lang='lat' dir='ltr'><strong>non</strong></span> <span class='ocrx_word' id='word_1_155' title='bbox 1249 1818 1458 1886; x_wconf 92' lang='lat' dir='ltr'><strong>iudico</strong></span> <span class='ocrx_word' id='word_1_156' title='bbox 1505 1820 1854 1887; x_wconf 89' lang='lat' dir='ltr'><strong>absolutam</strong></span> <span class='ocrx_word' id='word_1_157' title='bbox 1902 1832 1998 1886; x_wconf 90' lang='lat' dir='ltr'><strong>set</strong></span> <span class='ocrx_word' id='word_1_158' title='bbox 2043 1821 2474 1907; x_wconf 88' lang='lat' dir='ltr'><strong>suspensionis</strong></span> <span class='ocrx_word' id='word_1_159' title='bbox 2518 1818 2778 1886; x_wconf 89' lang='lat' dir='ltr'><strong>durante</strong></span> <span class='ocrx_word' id='word_1_160' title='bbox 2825 1817 3076 1886; x_wconf 88' lang='lat' dir='ltr'><strong>vinculo</strong></span> 
     </span>
     <span class='ocr_line' id='line_1_18' title="bbox 555 1906 3078 1996; baseline -0 -23"><span class='ocrx_word' id='word_1_161' title='bbox 555 1932 750 1996; x_wconf 91' lang='lat' dir='ltr'><strong>usque</strong></span> <span class='ocrx_word' id='word_1_162' title='bbox 797 1907 874 1974; x_wconf 93' lang='lat' dir='ltr'><strong>ad</strong></span> <span class='ocrx_word' id='word_1_163' title='bbox 908 1907 1439 1975; x_wconf 88' lang='lat' dir='ltr'><strong>consultationem</strong></span> <span class='ocrx_word' id='word_1_164' title='bbox 1487 1906 1886 1995; x_wconf 89' lang='lat' dir='ltr'><strong>provincialis</strong></span> <span class='ocrx_word' id='word_1_165' title='bbox 1933 1908 2033 1974; x_wconf 91' lang='lat' dir='ltr'><strong>vel</strong></span> <span class='ocrx_word' id='word_1_166' title='bbox 2080 1908 2211 1974; x_wconf 91' lang='lat' dir='ltr'><strong>eius</strong></span> <span class='ocrx_word' id='word_1_167' title='bbox 2243 1909 2452 1974; x_wconf 91' lang='lat' dir='ltr'><strong>vicarii</strong></span> <span class='ocrx_word' id='word_1_168' title='bbox 2498 1930 2610 1994; x_wconf 92' lang='lat' dir='ltr'><strong>per</strong></span> <span class='ocrx_word' id='word_1_169' title='bbox 2647 1909 3078 1975; x_wconf 90' lang='lat' dir='ltr'><strong>remotionem</strong></span> 
     </span>
     <span class='ocr_line' id='line_1_19' title="bbox 553 1994 3078 2082; baseline -0 -21"><span class='ocrx_word' id='word_1_170' title='bbox 553 2020 585 2061; x_wconf 84' lang='lat' dir='ltr'><strong>a</strong></span> <span class='ocrx_word' id='word_1_171' title='bbox 617 1995 909 2078; x_wconf 85' lang='lat' dir='ltr'><strong>fenestra,</strong></span> <span class='ocrx_word' id='word_1_172' title='bbox 957 2015 1095 2062; x_wconf 93' lang='lat' dir='ltr'><strong>rota</strong></span> <span class='ocrx_word' id='word_1_173' title='bbox 1128 2009 1190 2063; x_wconf 92' lang='lat' dir='ltr'><strong>et</strong></span> <span class='ocrx_word' id='word_1_174' title='bbox 1221 1997 1464 2077; x_wconf 81' lang='lat' dir='ltr'><strong>hostiiS,</strong></span> <span class='ocrx_word' id='word_1_175' title='bbox 1512 1997 1670 2062; x_wconf 89' lang='lat' dir='ltr'><strong>sicut</strong></span> <span class='ocrx_word' id='word_1_176' title='bbox 1715 1997 1911 2082; x_wconf 90' lang='lat' dir='ltr'><strong>priori</strong></span> <span class='ocrx_word' id='word_1_177' title='bbox 1943 1997 2148 2061; x_wconf 89' lang='lat' dir='ltr'><strong>visum</strong></span> <span class='ocrx_word' id='word_1_178' title='bbox 2184 1994 2387 2076; x_wconf 90' lang='lat' dir='ltr'><strong>fuerit,</strong></span> <span class='ocrx_word' id='word_1_179' title='bbox 2435 1996 2743 2081; x_wconf 88' lang='lat' dir='ltr'><strong>puniatur.</strong></span> <span class='ocrx_word' id='word_1_180' title='bbox 2812 1996 3078 2062; x_wconf 88' lang='lat' dir='ltr'><strong>Proviso</strong></span> 
     </span>
     <span class='ocr_line' id='line_1_20' title="bbox 553 2083 3079 2172; baseline -0.002 -21"><span class='ocrx_word' id='word_1_181' title='bbox 553 2083 724 2172; x_wconf 92' lang='lat' dir='ltr'><strong>quod</strong></span> <span class='ocrx_word' id='word_1_182' title='bbox 759 2085 1107 2151; x_wconf 89' lang='lat' dir='ltr'><strong>consiliarie</strong></span> <span class='ocrx_word' id='word_1_183' title='bbox 1158 2103 1217 2151; x_wconf 91' lang='lat' dir='ltr'><strong>et</strong></span> <span class='ocrx_word' id='word_1_184' title='bbox 1266 2107 1519 2151; x_wconf 90' lang='lat' dir='ltr'><strong>sorores</strong></span> <span class='ocrx_word' id='word_1_185' title='bbox 1553 2083 1688 2165; x_wconf 90' lang='lat' dir='ltr'><strong>alie,</strong></span> <span class='ocrx_word' id='word_1_186' title='bbox 1736 2107 1859 2171; x_wconf 91' lang='lat' dir='ltr'><strong>que</strong></span> <span class='ocrx_word' id='word_1_187' title='bbox 1907 2083 2236 2170; x_wconf 90' lang='lat' dir='ltr'><strong>prohibitis</strong></span> <span class='ocrx_word' id='word_1_188' title='bbox 2283 2083 2665 2169; x_wconf 85' lang='lat' dir='ltr'><strong>ingressibus</strong></span> <span class='ocrx_word' id='word_1_189' title='bbox 2709 2096 2770 2150; x_wconf 90' lang='lat' dir='ltr'><strong>et</strong></span> <span class='ocrx_word' id='word_1_190' title='bbox 2818 2084 3079 2170; x_wconf 88' lang='lat' dir='ltr'><strong>egressi-</strong></span> 
     </span>
     <span class='ocr_line' id='line_1_21' title="bbox 553 2169 3076 2260; baseline -0.001 -22"><span class='ocrx_word' id='word_1_191' title='bbox 553 2172 666 2239; x_wconf 91' lang='lat' dir='ltr'><strong>bus</strong></span> <span class='ocrx_word' id='word_1_192' title='bbox 713 2171 1088 2260; x_wconf 88' lang='lat' dir='ltr'><strong>impendunt</strong></span> <span class='ocrx_word' id='word_1_193' title='bbox 1134 2173 1497 2252; x_wconf 87' lang='lat' dir='ltr'><strong>consilium,</strong></span> <span class='ocrx_word' id='word_1_194' title='bbox 1554 2171 1849 2237; x_wconf 86' lang='lat' dir='ltr'><strong>auxilium</strong></span> <span class='ocrx_word' id='word_1_195' title='bbox 1897 2171 1998 2238; x_wconf 91' lang='lat' dir='ltr'><strong>vel</strong></span> <span class='ocrx_word' id='word_1_196' title='bbox 2045 2169 2359 2253; x_wconf 90' lang='lat' dir='ltr'><strong>favorem,</strong></span> <span class='ocrx_word' id='word_1_197' title='bbox 2419 2194 2614 2258; x_wconf 90' lang='lat' dir='ltr'><strong>penas</strong></span> <span class='ocrx_word' id='word_1_198' title='bbox 2661 2169 2897 2238; x_wconf 90' lang='lat' dir='ltr'><strong>debitas</strong></span> <span class='ocrx_word' id='word_1_199' title='bbox 2944 2194 3076 2236; x_wconf 91' lang='lat' dir='ltr'><strong>non</strong></span> 
     </span>
     <span class='ocr_line' id='line_1_22' title="bbox 554 2257 3079 2348; baseline -0.001 -21"><span class='ocrx_word' id='word_1_200' title='bbox 554 2260 839 2342; x_wconf 90' lang='lat' dir='ltr'><strong>evadant,</strong></span> <span class='ocrx_word' id='word_1_201' title='bbox 888 2284 1039 2348; x_wconf 89' lang='lat' dir='ltr'><strong>quas</strong></span> <span class='ocrx_word' id='word_1_202' title='bbox 1071 2259 1147 2327; x_wconf 94' lang='lat' dir='ltr'><strong>ad</strong></span> <span class='ocrx_word' id='word_1_203' title='bbox 1195 2260 1490 2327; x_wconf 90' lang='lat' dir='ltr'><strong>iudicium</strong></span> <span class='ocrx_word' id='word_1_204' title='bbox 1525 2261 1749 2346; x_wconf 90' lang='lat' dir='ltr'><strong>prioris</strong></span> <span class='ocrx_word' id='word_1_205' title='bbox 1781 2260 2107 2347; x_wconf 88' lang='lat' dir='ltr'><strong>impositas</strong></span> <span class='ocrx_word' id='word_1_206' title='bbox 2140 2257 2471 2346; x_wconf 85' lang='lat' dir='ltr'><strong>diligenter</strong></span> <span class='ocrx_word' id='word_1_207' title='bbox 2505 2258 2821 2325; x_wconf 91' lang='lat' dir='ltr'><strong>observari</strong></span> <span class='ocrx_word' id='word_1_208' title='bbox 2853 2258 3079 2325; x_wconf 90' lang='lat' dir='ltr'><strong>faciant</strong></span> 
     </span>
     <span class='ocr_line' id='line_1_23' title="bbox 554 2346 3078 2434; baseline -0.001 -20"><span class='ocrx_word' id='word_1_209' title='bbox 554 2347 972 2415; x_wconf 83' lang='lat' dir='ltr'><strong>confessores,</strong></span> <span class='ocrx_word' id='word_1_210' title='bbox 1035 2348 1203 2415; x_wconf 92' lang='lat' dir='ltr'><strong>Nulli</strong></span> <span class='ocrx_word' id='word_1_211' title='bbox 1240 2371 1392 2434; x_wconf 90' lang='lat' dir='ltr'><strong>ergo</strong></span> <span class='ocrx_word' id='word_1_212' title='bbox 1425 2348 1802 2414; x_wconf 90' lang='lat' dir='ltr'><strong>vicariorum</strong></span> <span class='ocrx_word' id='word_1_213' title='bbox 1836 2359 1940 2414; x_wconf 90' lang='lat' dir='ltr'><strong>aut</strong></span> <span class='ocrx_word' id='word_1_214' title='bbox 1974 2359 2334 2414; x_wconf 88' lang='lat' dir='ltr'><strong>ceterorum</strong></span> <span class='ocrx_word' id='word_1_215' title='bbox 2381 2346 2561 2413; x_wconf 90' lang='lat' dir='ltr'><strong>liceat</strong></span> <span class='ocrx_word' id='word_1_216' title='bbox 2590 2346 2752 2413; x_wconf 91' lang='lat' dir='ltr'><strong>hanc</strong></span> <span class='ocrx_word' id='word_1_217' title='bbox 2785 2348 3078 2434; x_wconf 90' lang='lat' dir='ltr'><strong>paginam</strong></span> 
     </span>
     <span class='ocr_line' id='line_1_24' title="bbox 554 2433 3076 2523; baseline -0.001 -21"><span class='ocrx_word' id='word_1_218' title='bbox 554 2435 631 2503; x_wconf 89' lang='lat' dir='ltr'><strong>de</strong></span> <span class='ocrx_word' id='word_1_219' title='bbox 664 2459 979 2503; x_wconf 88' lang='lat' dir='ltr'><strong>consensu</strong></span> <span class='ocrx_word' id='word_1_220' title='bbox 1013 2437 1291 2523; x_wconf 84' lang='lat' dir='ltr'><strong>magistri</strong></span> <span class='ocrx_word' id='word_1_221' title='bbox 1326 2434 1564 2502; x_wconf 89' lang='lat' dir='ltr'><strong>ordinis</strong></span> <span class='ocrx_word' id='word_1_222' title='bbox 1590 2435 1943 2502; x_wconf 88' lang='lat' dir='ltr'><strong>confectam</strong></span> <span class='ocrx_word' id='word_1_223' title='bbox 1981 2434 2320 2522; x_wconf 90' lang='lat' dir='ltr'><strong>infringere</strong></span> <span class='ocrx_word' id='word_1_224' title='bbox 2342 2433 2440 2501; x_wconf 91' lang='lat' dir='ltr'><strong>vel</strong></span> <span class='ocrx_word' id='word_1_225' title='bbox 2474 2437 2530 2501; x_wconf 89' lang='lat' dir='ltr'><strong>ei</strong></span> <span class='ocrx_word' id='word_1_226' title='bbox 2562 2458 2714 2501; x_wconf 89' lang='lat' dir='ltr'><strong>ausu</strong></span> <span class='ocrx_word' id='word_1_227' title='bbox 2741 2436 3076 2501; x_wconf 88' lang='lat' dir='ltr'><strong>temerario</strong></span> 
     </span>
     <span class='ocr_line' id='line_1_25' title="bbox 554 2522 1948 2591; baseline 0 -2"><span class='ocrx_word' id='word_1_228' title='bbox 554 2525 886 2591; x_wconf 87' lang='lat' dir='ltr'><strong>contraire.</strong></span> <span class='ocrx_word' id='word_1_229' title='bbox 980 2525 1217 2591; x_wconf 90' lang='lat' dir='ltr'><strong>Datum</strong></span> <span class='ocrx_word' id='word_1_230' title='bbox 1266 2526 1328 2589; x_wconf 91' lang='lat' dir='ltr'><strong>in</strong></span> <span class='ocrx_word' id='word_1_231' title='bbox 1375 2522 1698 2590; x_wconf 89' lang='lat' dir='ltr'><strong>Lewental</strong></span> <span class='ocrx_word' id='word_1_232' title='bbox 1747 2577 1761 2588; x_wconf 91' lang='lat'><strong>.</strong></span> <span class='ocrx_word' id='word_1_233' title='bbox 1814 2577 1826 2589; x_wconf 95' lang='lat'><strong>.</strong></span> <span class='ocrx_word' id='word_1_234' title='bbox 1880 2577 1892 2589; x_wconf 90' lang='lat'><strong>.</strong></span> <span class='ocrx_word' id='word_1_235' title='bbox 1941 2556 1948 2559; x_wconf 92' lang='lat'><em>·</em></span> 
     </span>
    </p>
   </div>
   <div class='ocr_carea' id='block_1_3' title="bbox 763 2663 1929 2718">
    <p class='ocr_par' dir='ltr' id='par_1_3' title="bbox 763 2663 1929 2718">
     <span class='ocr_line' id='line_1_26' title="bbox 763 2663 1929 2718; baseline 0 0"><span class='ocrx_word' id='word_1_236' title='bbox 763 2674 781 2702; x_wconf 81' lang='lat'>1</span> <span class='ocrx_word' id='word_1_237' title='bbox 821 2665 947 2718; x_wconf 88' lang='lat' dir='ltr'><strong>Hier</strong></span> <span class='ocrx_word' id='word_1_238' title='bbox 986 2665 1115 2718; x_wconf 91' lang='lat' dir='ltr'><strong>fehlt</strong></span> <span class='ocrx_word' id='word_1_239' title='bbox 1155 2665 1239 2718; x_wconf 88' lang='lat' dir='ltr'><strong>ein</strong></span> <span class='ocrx_word' id='word_1_240' title='bbox 1279 2664 1508 2718; x_wconf 85' lang='lat' dir='ltr'><strong>Satzteil.</strong></span> <span class='ocrx_word' id='word_1_241' title='bbox 1658 2672 1678 2701; x_wconf 75' lang='lat'>2</span> <span class='ocrx_word' id='word_1_242' title='bbox 1714 2664 1788 2718; x_wconf 92' lang='lat' dir='ltr'><strong>So</strong></span> <span class='ocrx_word' id='word_1_243' title='bbox 1827 2663 1929 2718; x_wconf 86' lang='lat' dir='ltr'><strong>HS.</strong></span> 
     </span>
    </p>
   </div>
   <div class='ocr_carea' id='block_1_4' title="bbox 554 2759 3077 2930">
    <p class='ocr_par' dir='ltr' id='par_1_4' title="bbox 554 2759 3077 2930">
     <span class='ocr_line' id='line_1_27' title="bbox 762 2759 3077 2856; baseline -0.002 -16"><span class='ocrx_word' id='word_1_244' title='bbox 762 2789 872 2842; x_wconf 86' lang='lat' dir='ltr'><strong>Fol.</strong></span> <span class='ocrx_word' id='word_1_245' title='bbox 918 2759 1515 2841; x_wconf 70' lang='lat' dir='ltr'><strong>166.1nL6wentha1</strong></span> <span class='ocrx_word' id='word_1_246' title='bbox 1557 2788 1898 2852; x_wconf 72' lang='lat' dir='ltr'><strong>(wurttemb.</strong></span> <span class='ocrx_word' id='word_1_247' title='bbox 1928 2785 2184 2840; x_wconf 88' lang='lat' dir='ltr'><strong>Oberamt</strong></span> <span class='ocrx_word' id='word_1_248' title='bbox 2224 2786 2521 2856; x_wconf 88' lang='lat' dir='ltr'><strong>Tettnang)</strong></span> <span class='ocrx_word' id='word_1_249' title='bbox 2560 2804 2671 2838; x_wconf 86' lang='lat' dir='ltr'><strong>war</strong></span> <span class='ocrx_word' id='word_1_250' title='bbox 2709 2788 2792 2838; x_wconf 87' lang='lat' dir='ltr'><strong>ein</strong></span> <span class='ocrx_word' id='word_1_251' title='bbox 2831 2786 3077 2838; x_wconf 87' lang='lat' dir='ltr'><strong>Domini-</strong></span> 
     </span>
     <span class='ocr_line' id='line_1_28' title="bbox 554 2877 1094 2930; baseline 0 -2"><span class='ocrx_word' id='word_1_252' title='bbox 554 2877 1094 2930; x_wconf 72' lang='lat' dir='ltr'><strong>kanerinnenkloster.</strong></span> 
     </span>
    </p>
   </div>
   <div class='ocr_carea' id='block_1_5' title="bbox 578 2633 738 2641">
    <p class='ocr_par' dir='ltr' id='par_1_5' title="bbox 578 2633 738 2641">
     <span class='ocr_line' id='line_1_29' title="bbox 578 2633 738 2641; baseline 0 2694"><span class='ocrx_word' id='word_1_253' title='bbox 578 2633 738 2641; x_wconf 95' lang='lat' dir='ltr'><strong> </strong></span> 
     </span>
    </p>
   </div>
   <div class='ocr_carea' id='block_1_6' title="bbox 1760 3013 1891 3082">
    <p class='ocr_par' dir='ltr' id='par_1_6' title="bbox 1760 3013 1891 3082">
     <span class='ocr_line' id='line_1_30' title="bbox 1760 3013 1891 3082; baseline 0.015 -2"><span class='ocrx_word' id='word_1_254' title='bbox 1760 3013 1891 3082; x_wconf 81' lang='lat'><strong>120.</strong></span> 
     </span>
    </p>
   </div>
   <div class='ocr_carea' id='block_1_7' title="bbox 552 3119 3078 3475">
    <p class='ocr_par' dir='ltr' id='par_1_7' title="bbox 552 3119 3078 3475">
     <span class='ocr_line' id='line_1_31' title="bbox 777 3119 3075 3211; baseline -0.001 -25"><span class='ocrx_word' id='word_1_255' title='bbox 777 3121 1267 3209; x_wconf 76' lang='lat' dir='ltr'><strong>Ordensgeneral</strong></span> <span class='ocrx_word' id='word_1_256' title='bbox 1300 3119 1573 3211; x_wconf 83' lang='lat' dir='ltr'><strong>(Munio)</strong></span> <span class='ocrx_word' id='word_1_257' title='bbox 1617 3121 1898 3207; x_wconf 70' lang='lat' dir='ltr'><strong>gewcihrt</strong></span> <span class='ocrx_word' id='word_1_258' title='bbox 1944 3121 2057 3186; x_wconf 88' lang='lat' dir='ltr'><strong>den</strong></span> <span class='ocrx_word' id='word_1_259' title='bbox 2108 3120 2479 3186; x_wconf 83' lang='lat' dir='ltr'><strong>Schwestern</strong></span> <span class='ocrx_word' id='word_1_260' title='bbox 2526 3122 2588 3184; x_wconf 87' lang='lat' dir='ltr'><strong>in</strong></span> <span class='ocrx_word' id='word_1_261' title='bbox 2634 3121 2745 3185; x_wconf 86' lang='lat' dir='ltr'><strong>den</strong></span> <span class='ocrx_word' id='word_1_262' title='bbox 2791 3120 3075 3185; x_wconf 83' lang='lat' dir='ltr'><strong>Domini-</strong></span> 
     </span>
     <span class='ocr_line' id='line_1_32' title="bbox 552 3206 3078 3298; baseline -0.001 -25"><span class='ocrx_word' id='word_1_263' title='bbox 552 3209 1181 3276; x_wconf 71' lang='lat' dir='ltr'><strong>kanerinnenklbstern</strong></span> <span class='ocrx_word' id='word_1_264' title='bbox 1230 3212 1290 3275; x_wconf 85' lang='lat' dir='ltr'><strong>in</strong></span> <span class='ocrx_word' id='word_1_265' title='bbox 1328 3209 1709 3298; x_wconf 79' lang='lat' dir='ltr'><strong>Strassburg,</strong></span> <span class='ocrx_word' id='word_1_266' title='bbox 1758 3207 1982 3274; x_wconf 81' lang='lat' dir='ltr'><strong>welche</strong></span> <span class='ocrx_word' id='word_1_267' title='bbox 2015 3209 2138 3274; x_wconf 87' lang='lat' dir='ltr'><strong>ihm</strong></span> <span class='ocrx_word' id='word_1_268' title='bbox 2172 3208 2299 3274; x_wconf 83' lang='lat' dir='ltr'><strong>ihre</strong></span> <span class='ocrx_word' id='word_1_269' title='bbox 2349 3208 2646 3273; x_wconf 79' lang='lat' dir='ltr'><strong>creistliche</strong></span> <span class='ocrx_word' id='word_1_270' title='bbox 2677 3209 2803 3275; x_wconf 91' lang='lat' dir='ltr'><strong>Not</strong></span> <span class='ocrx_word' id='word_1_271' title='bbox 2830 3206 3078 3294; x_wconf 78' lang='lat' dir='ltr'><strong>geklagt</strong></span> 
     </span>
     <span class='ocr_line' id='line_1_33' title="bbox 554 3262 3076 3385; baseline 0 -25"><span class='ocrx_word' id='word_1_272' title='bbox 554 3297 786 3378; x_wconf 87' lang='lat' dir='ltr'><strong>hatten,</strong></span> <span class='ocrx_word' id='word_1_273' title='bbox 848 3301 1037 3385; x_wconf 81' lang='lat' dir='ltr'><strong>einige</strong></span> <span class='ocrx_word' id='word_1_274' title='bbox 1084 3298 1615 3385; x_wconf 80' lang='lat' dir='ltr'><strong>Erleichterungen</strong></span> <span class='ocrx_word' id='word_1_275' title='bbox 1678 3296 1988 3383; x_wconf 62' lang='lat' dir='ltr'><strong>bezscglich</strong></span> <span class='ocrx_word' id='word_1_276' title='bbox 2043 3297 2150 3361; x_wconf 83' lang='lat' dir='ltr'><strong>der</strong></span> <span class='ocrx_word' id='word_1_277' title='bbox 2195 3262 2475 3361; x_wconf 58' lang='lat' dir='ltr'><strong>Beithen</strong></span> <span class='ocrx_word' id='word_1_278' title='bbox 2531 3297 2658 3361; x_wconf 85' lang='lat' dir='ltr'><strong>und</strong></span> <span class='ocrx_word' id='word_1_279' title='bbox 2708 3296 2807 3361; x_wconf 88' lang='lat' dir='ltr'><strong>des</strong></span> <span class='ocrx_word' id='word_1_280' title='bbox 2853 3296 3076 3360; x_wconf 84' lang='lat' dir='ltr'><strong>Messe-</strong></span> 
     </span>
     <span class='ocr_line' id='line_1_34' title="bbox 553 3383 2432 3475; baseline -0.001 -25"><span class='ocrx_word' id='word_1_281' title='bbox 553 3387 781 3452; x_wconf 69' lang='lat' dir='ltr'><strong>hbrem.</strong></span> <span class='ocrx_word' id='word_1_282' title='bbox 873 3387 1200 3472; x_wconf 82' lang='lat' dir='ltr'><strong>Hagenau.</strong></span> <span class='ocrx_word' id='word_1_283' title='bbox 1296 3383 1494 3473; x_wconf 80' lang='lat'><em>(1289</em></span> <span class='ocrx_word' id='word_1_284' title='bbox 1543 3385 1733 3475; x_wconf 83' lang='lat' dir='ltr'><strong>Mai.)</strong></span> <span class='ocrx_word' id='word_1_285' title='bbox 2419 3391 2432 3398; x_wconf 73' lang='lat'><em>&#39;</em></span> 
     </span>
    </p>
   </div>
   <div class='ocr_carea' id='block_1_8' title="bbox 552 3488 3078 4717">
    <p class='ocr_par' dir='ltr' id='par_1_8' title="bbox 552 3488 3078 4717">
     <span class='ocr_line' id='line_1_35' title="bbox 764 3488 3077 3577; baseline -0.001 -22"><span class='ocrx_word' id='word_1_286' title='bbox 764 3491 1066 3577; x_wconf 89' lang='lat' dir='ltr'><strong>Magister</strong></span> <span class='ocrx_word' id='word_1_287' title='bbox 1112 3491 1369 3557; x_wconf 79' lang='lat' dir='ltr'><strong>ordiniS.</strong></span> <span class='ocrx_word' id='word_1_288' title='bbox 1463 3489 1785 3557; x_wconf 90' lang='lat' dir='ltr'><strong>Omnibus</strong></span> <span class='ocrx_word' id='word_1_289' title='bbox 1835 3488 2156 3555; x_wconf 89' lang='lat' dir='ltr'><strong>sororibus</strong></span> <span class='ocrx_word' id='word_1_290' title='bbox 2205 3490 2366 3555; x_wconf 89' lang='lat' dir='ltr'><strong>circa</strong></span> <span class='ocrx_word' id='word_1_291' title='bbox 2410 3489 2857 3574; x_wconf 90' lang='lat' dir='ltr'><strong>Argentinam,</strong></span> <span class='ocrx_word' id='word_1_292' title='bbox 2923 3510 3077 3575; x_wconf 85' lang='lat' dir='ltr'><strong>quo-</strong></span> 
     </span>
     <span class='ocr_line' id='line_1_36' title="bbox 554 3575 3078 3666; baseline -0.001 -24"><span class='ocrx_word' id='word_1_293' title='bbox 554 3576 753 3644; x_wconf 86' lang='lat' dir='ltr'><strong>modo</strong></span> <span class='ocrx_word' id='word_1_294' title='bbox 810 3603 878 3645; x_wconf 92' lang='lat' dir='ltr'><strong>se</strong></span> <span class='ocrx_word' id='word_1_295' title='bbox 936 3578 1201 3645; x_wconf 90' lang='lat' dir='ltr'><strong>habeant</strong></span> <span class='ocrx_word' id='word_1_296' title='bbox 1263 3590 1552 3666; x_wconf 90' lang='lat' dir='ltr'><strong>tempore</strong></span> <span class='ocrx_word' id='word_1_297' title='bbox 1608 3576 2001 3644; x_wconf 79' lang='lat' dir='ltr'><strong>turbationis,</strong></span> <span class='ocrx_word' id='word_1_298' title='bbox 2095 3576 2266 3657; x_wconf 88' lang='lat' dir='ltr'><strong>Quia</strong></span> <span class='ocrx_word' id='word_1_299' title='bbox 2324 3599 2511 3663; x_wconf 91' lang='lat' dir='ltr'><strong>spero</strong></span> <span class='ocrx_word' id='word_1_300' title='bbox 2559 3600 2664 3643; x_wconf 91' lang='lat' dir='ltr'><strong>me</strong></span> <span class='ocrx_word' id='word_1_301' title='bbox 2722 3575 2880 3642; x_wconf 92' lang='lat' dir='ltr'><strong>illius</strong></span> <span class='ocrx_word' id='word_1_302' title='bbox 2929 3576 3078 3641; x_wconf 88' lang='lat' dir='ltr'><strong>cari-</strong></span> 
     </span>
     <span class='ocr_line' id='line_1_37' title="bbox 553 3662 3076 3754; baseline -0.002 -22"><span class='ocrx_word' id='word_1_303' title='bbox 553 3667 692 3732; x_wconf 87' lang='lat' dir='ltr'><strong>tatis</strong></span> <span class='ocrx_word' id='word_1_304' title='bbox 743 3690 877 3732; x_wconf 90' lang='lat' dir='ltr'><strong>esse</strong></span> <span class='ocrx_word' id='word_1_305' title='bbox 925 3679 1324 3747; x_wconf 89' lang='lat' dir='ltr'><strong>consortem,</strong></span> <span class='ocrx_word' id='word_1_306' title='bbox 1374 3689 1494 3754; x_wconf 88' lang='lat' dir='ltr'><strong>que</strong></span> <span class='ocrx_word' id='word_1_307' title='bbox 1542 3667 1606 3731; x_wconf 91' lang='lat' dir='ltr'><strong>in</strong></span> <span class='ocrx_word' id='word_1_308' title='bbox 1655 3665 1948 3731; x_wconf 90' lang='lat' dir='ltr'><strong>cordibus</strong></span> <span class='ocrx_word' id='word_1_309' title='bbox 1996 3664 2217 3731; x_wconf 88' lang='lat' dir='ltr'><strong>diffusa</strong></span> <span class='ocrx_word' id='word_1_310' title='bbox 2262 3663 2542 3731; x_wconf 88' lang='lat' dir='ltr'><strong>fidelium</strong></span> <span class='ocrx_word' id='word_1_311' title='bbox 2592 3687 2737 3729; x_wconf 90' lang='lat' dir='ltr'><strong>cum</strong></span> <span class='ocrx_word' id='word_1_312' title='bbox 2783 3662 3076 3730; x_wconf 89' lang='lat' dir='ltr'><strong>flentibus</strong></span> 
     </span>
     <span class='ocr_line' id='line_1_38' title="bbox 553 3750 3074 3842; baseline -0.002 -23"><span class='ocrx_word' id='word_1_313' title='bbox 553 3753 704 3819; x_wconf 87' lang='lat' dir='ltr'><strong>flere</strong></span> <span class='ocrx_word' id='word_1_314' title='bbox 737 3753 924 3821; x_wconf 89' lang='lat' dir='ltr'><strong>docet</strong></span> <span class='ocrx_word' id='word_1_315' title='bbox 957 3768 1018 3821; x_wconf 92' lang='lat' dir='ltr'><strong>et</strong></span> <span class='ocrx_word' id='word_1_316' title='bbox 1048 3753 1460 3842; x_wconf 90' lang='lat' dir='ltr'><strong>gaudentibus</strong></span> <span class='ocrx_word' id='word_1_317' title='bbox 1494 3753 1917 3839; x_wconf 88' lang='lat' dir='ltr'><strong>congaudere,</strong></span> <span class='ocrx_word' id='word_1_318' title='bbox 1950 3754 2086 3819; x_wconf 90' lang='lat' dir='ltr'><strong>sine</strong></span> <span class='ocrx_word' id='word_1_319' title='bbox 2117 3755 2291 3840; x_wconf 87' lang='lat' dir='ltr'><strong>gravi</strong></span> <span class='ocrx_word' id='word_1_320' title='bbox 2324 3751 2545 3818; x_wconf 91' lang='lat' dir='ltr'><strong>dolore</strong></span> <span class='ocrx_word' id='word_1_321' title='bbox 2578 3750 2792 3818; x_wconf 91' lang='lat' dir='ltr'><strong>audire</strong></span> <span class='ocrx_word' id='word_1_322' title='bbox 2826 3774 3074 3839; x_wconf 92' lang='lat' dir='ltr'><strong>nequeo</strong></span> 
     </span>
     <span class='ocr_line' id='line_1_39' title="bbox 554 3838 3078 3930; baseline -0.001 -24"><span class='ocrx_word' id='word_1_323' title='bbox 554 3865 672 3908; x_wconf 91' lang='lat' dir='ltr'><strong>nec</strong></span> <span class='ocrx_word' id='word_1_324' title='bbox 719 3844 981 3924; x_wconf 87' lang='lat' dir='ltr'><strong>sentire,</strong></span> <span class='ocrx_word' id='word_1_325' title='bbox 1040 3841 1212 3930; x_wconf 92' lang='lat' dir='ltr'><strong>quod</strong></span> <span class='ocrx_word' id='word_1_326' title='bbox 1257 3843 1529 3929; x_wconf 90' lang='lat' dir='ltr'><strong>peccatis</strong></span> <span class='ocrx_word' id='word_1_327' title='bbox 1577 3840 1970 3928; x_wconf 83' lang='lat' dir='ltr'><strong>exigentibus</strong></span> <span class='ocrx_word' id='word_1_328' title='bbox 2032 3842 2120 3907; x_wconf 90' lang='lat' dir='ltr'><strong>sic</strong></span> <span class='ocrx_word' id='word_1_329' title='bbox 2169 3839 2537 3927; x_wconf 89' lang='lat' dir='ltr'><strong>calumpniis</strong></span> <span class='ocrx_word' id='word_1_330' title='bbox 2583 3841 2920 3906; x_wconf 89' lang='lat' dir='ltr'><strong>hominum</strong></span> <span class='ocrx_word' id='word_1_331' title='bbox 2968 3838 3078 3904; x_wconf 94' lang='lat' dir='ltr'><strong>ob-</strong></span> 
     </span>
     <span class='ocr_line' id='line_1_40' title="bbox 554 3927 3076 4018; baseline -0.001 -24"><span class='ocrx_word' id='word_1_332' title='bbox 554 3930 806 3995; x_wconf 88' lang='lat' dir='ltr'><strong>ruimini</strong></span> <span class='ocrx_word' id='word_1_333' title='bbox 853 3931 989 3997; x_wconf 91' lang='lat' dir='ltr'><strong>sine</strong></span> <span class='ocrx_word' id='word_1_334' title='bbox 1036 3953 1248 4011; x_wconf 91' lang='lat' dir='ltr'><strong>causa,</strong></span> <span class='ocrx_word' id='word_1_335' title='bbox 1311 3927 1483 4018; x_wconf 92' lang='lat' dir='ltr'><strong>quod</strong></span> <span class='ocrx_word' id='word_1_336' title='bbox 1529 3928 1642 3996; x_wconf 91' lang='lat' dir='ltr'><strong>sub</strong></span> <span class='ocrx_word' id='word_1_337' title='bbox 1700 3928 2139 4018; x_wconf 91' lang='lat' dir='ltr'><strong>tranquillitate</strong></span> <span class='ocrx_word' id='word_1_338' title='bbox 2197 3927 2403 3995; x_wconf 90' lang='lat' dir='ltr'><strong>debita</strong></span> <span class='ocrx_word' id='word_1_339' title='bbox 2448 3951 2581 3994; x_wconf 93' lang='lat' dir='ltr'><strong>non</strong></span> <span class='ocrx_word' id='word_1_340' title='bbox 2641 3928 3076 4014; x_wconf 89' lang='lat' dir='ltr'><strong>permittimini</strong></span> 
     </span>
     <span class='ocr_line' id='line_1_41' title="bbox 554 4015 3076 4106; baseline -0.001 -24"><span class='ocrx_word' id='word_1_341' title='bbox 554 4029 701 4084; x_wconf 90' lang='lat' dir='ltr'><strong>vota</strong></span> <span class='ocrx_word' id='word_1_342' title='bbox 747 4015 1039 4098; x_wconf 88' lang='lat' dir='ltr'><strong>reddere,</strong></span> <span class='ocrx_word' id='word_1_343' title='bbox 1102 4041 1223 4105; x_wconf 87' lang='lat' dir='ltr'><strong>que</strong></span> <span class='ocrx_word' id='word_1_344' title='bbox 1269 4019 1536 4106; x_wconf 90' lang='lat' dir='ltr'><strong>propriis</strong></span> <span class='ocrx_word' id='word_1_345' title='bbox 1591 4017 1762 4083; x_wconf 91' lang='lat' dir='ltr'><strong>labiis</strong></span> <span class='ocrx_word' id='word_1_346' title='bbox 1812 4015 2195 4084; x_wconf 81' lang='lat' dir='ltr'><strong>distinxistis,</strong></span> <span class='ocrx_word' id='word_1_347' title='bbox 2289 4016 2413 4083; x_wconf 91' lang='lat' dir='ltr'><strong>Sed</strong></span> <span class='ocrx_word' id='word_1_348' title='bbox 2461 4018 2512 4082; x_wconf 89' lang='lat' dir='ltr'><strong>si</strong></span> <span class='ocrx_word' id='word_1_349' title='bbox 2573 4016 2799 4102; x_wconf 89' lang='lat' dir='ltr'><strong>apertis</strong></span> <span class='ocrx_word' id='word_1_350' title='bbox 2847 4016 3076 4081; x_wconf 88' lang='lat' dir='ltr'><strong>mentis</strong></span> 
     </span>
     <span class='ocr_line' id='line_1_42' title="bbox 555 4104 3076 4194; baseline -0 -24"><span class='ocrx_word' id='word_1_351' title='bbox 555 4105 752 4171; x_wconf 92' lang='lat' dir='ltr'><strong>oculis</strong></span> <span class='ocrx_word' id='word_1_352' title='bbox 799 4107 1069 4192; x_wconf 91' lang='lat' dir='ltr'><strong>possetis</strong></span> <span class='ocrx_word' id='word_1_353' title='bbox 1117 4129 1498 4192; x_wconf 87' lang='lat' dir='ltr'><strong>agnoscere,</strong></span> <span class='ocrx_word' id='word_1_354' title='bbox 1561 4129 1748 4194; x_wconf 91' lang='lat' dir='ltr'><strong>quam</strong></span> <span class='ocrx_word' id='word_1_355' title='bbox 1795 4104 2198 4171; x_wconf 88' lang='lat' dir='ltr'><strong>vernantibus</strong></span> <span class='ocrx_word' id='word_1_356' title='bbox 2243 4106 2516 4191; x_wconf 90' lang='lat' dir='ltr'><strong>gemmis</strong></span> <span class='ocrx_word' id='word_1_357' title='bbox 2574 4126 2814 4170; x_wconf 89' lang='lat' dir='ltr'><strong>corone</strong></span> <span class='ocrx_word' id='word_1_358' title='bbox 2870 4121 3076 4169; x_wconf 88' lang='lat' dir='ltr'><strong>vestre</strong></span> 
     </span>
     <span class='ocr_line' id='line_1_43' title="bbox 552 4190 3076 4282; baseline -0.002 -23"><span class='ocrx_word' id='word_1_359' title='bbox 552 4192 914 4259; x_wconf 90' lang='lat' dir='ltr'><strong>tollerancie</strong></span> <span class='ocrx_word' id='word_1_360' title='bbox 948 4193 1268 4276; x_wconf 91' lang='lat' dir='ltr'><strong>dorantur,</strong></span> <span class='ocrx_word' id='word_1_361' title='bbox 1316 4194 1515 4282; x_wconf 91' lang='lat' dir='ltr'><strong>qualia</strong></span> <span class='ocrx_word' id='word_1_362' title='bbox 1546 4193 1807 4259; x_wconf 89' lang='lat' dir='ltr'><strong>monilia</strong></span> <span class='ocrx_word' id='word_1_363' title='bbox 1837 4195 2059 4260; x_wconf 91' lang='lat' dir='ltr'><strong>vestris</strong></span> <span class='ocrx_word' id='word_1_364' title='bbox 2091 4191 2429 4279; x_wconf 89' lang='lat' dir='ltr'><strong>affiguntur</strong></span> <span class='ocrx_word' id='word_1_365' title='bbox 2461 4190 2840 4279; x_wconf 80' lang='lat' dir='ltr'><strong>pectoribuS,</strong></span> <span class='ocrx_word' id='word_1_366' title='bbox 2889 4213 3076 4278; x_wconf 89' lang='lat' dir='ltr'><strong>quam</strong></span> 
     </span>
     <span class='ocr_line' id='line_1_44' title="bbox 554 4278 3078 4367; baseline -0.001 -21"><span class='ocrx_word' id='word_1_367' title='bbox 554 4282 838 4367; x_wconf 86' lang='lat' dir='ltr'><strong>preciosa</strong></span> <span class='ocrx_word' id='word_1_368' title='bbox 872 4279 1166 4348; x_wconf 88' lang='lat' dir='ltr'><strong>dextralia</strong></span> <span class='ocrx_word' id='word_1_369' title='bbox 1213 4305 1435 4348; x_wconf 89' lang='lat' dir='ltr'><strong>manus</strong></span> <span class='ocrx_word' id='word_1_370' title='bbox 1481 4281 1751 4348; x_wconf 88' lang='lat' dir='ltr'><strong>forcium</strong></span> <span class='ocrx_word' id='word_1_371' title='bbox 1786 4280 2068 4347; x_wconf 91' lang='lat' dir='ltr'><strong>ambiunt</strong></span> <span class='ocrx_word' id='word_1_372' title='bbox 2115 4280 2471 4361; x_wconf 91' lang='lat' dir='ltr'><strong>mulierum,</strong></span> <span class='ocrx_word' id='word_1_373' title='bbox 2522 4333 2535 4346; x_wconf 90' lang='lat'><strong>.</strong></span> <span class='ocrx_word' id='word_1_374' title='bbox 2588 4333 2601 4345; x_wconf 94' lang='lat'><strong>.</strong></span> <span class='ocrx_word' id='word_1_375' title='bbox 2654 4332 2666 4344; x_wconf 88' lang='lat'><strong>.</strong></span> <span class='ocrx_word' id='word_1_376' title='bbox 2719 4278 2910 4345; x_wconf 91' lang='lat' dir='ltr'><strong>corde</strong></span> <span class='ocrx_word' id='word_1_377' title='bbox 2941 4301 3078 4345; x_wconf 83' lang='lat' dir='ltr'><strong>ver·</strong></span> 
     </span>
     <span class='ocr_line' id='line_1_45' title="bbox 554 4365 3075 4457; baseline -0.001 -24"><span class='ocrx_word' id='word_1_378' title='bbox 554 4370 848 4434; x_wconf 90' lang='lat' dir='ltr'><strong>saremini</strong></span> <span class='ocrx_word' id='word_1_379' title='bbox 911 4368 1131 4437; x_wconf 89' lang='lat' dir='ltr'><strong>letiore</strong></span> <span class='ocrx_word' id='word_1_380' title='bbox 1191 4381 1449 4457; x_wconf 90' lang='lat' dir='ltr'><strong>propter</strong></span> <span class='ocrx_word' id='word_1_381' title='bbox 1514 4393 1689 4451; x_wconf 90' lang='lat' dir='ltr'><strong>eum,</strong></span> <span class='ocrx_word' id='word_1_382' title='bbox 1758 4370 1931 4435; x_wconf 91' lang='lat' dir='ltr'><strong>cuius</strong></span> <span class='ocrx_word' id='word_1_383' title='bbox 1990 4368 2164 4434; x_wconf 93' lang='lat' dir='ltr'><strong>labor</strong></span> <span class='ocrx_word' id='word_1_384' title='bbox 2233 4367 2416 4435; x_wconf 92' lang='lat' dir='ltr'><strong>nobis</strong></span> <span class='ocrx_word' id='word_1_385' title='bbox 2475 4386 2724 4434; x_wconf 91' lang='lat' dir='ltr'><strong>scutum</strong></span> <span class='ocrx_word' id='word_1_386' title='bbox 2788 4365 3075 4446; x_wconf 88' lang='lat' dir='ltr'><strong>efficitur,</strong></span> 
     </span>
     <span class='ocr_line' id='line_1_46' title="bbox 554 4454 3078 4544; baseline -0.001 -22"><span class='ocrx_word' id='word_1_387' title='bbox 554 4458 728 4524; x_wconf 90' lang='lat' dir='ltr'><strong>cuius</strong></span> <span class='ocrx_word' id='word_1_388' title='bbox 795 4455 978 4523; x_wconf 92' lang='lat' dir='ltr'><strong>dolor</strong></span> <span class='ocrx_word' id='word_1_389' title='bbox 1042 4457 1339 4524; x_wconf 90' lang='lat' dir='ltr'><strong>omnibus</strong></span> <span class='ocrx_word' id='word_1_390' title='bbox 1405 4480 1516 4544; x_wconf 93' lang='lat' dir='ltr'><strong>per</strong></span> <span class='ocrx_word' id='word_1_391' title='bbox 1583 4459 1748 4524; x_wconf 89' lang='lat' dir='ltr'><strong>viam</strong></span> <span class='ocrx_word' id='word_1_392' title='bbox 1814 4455 2275 4523; x_wconf 88' lang='lat' dir='ltr'><strong>transeuntibus</strong></span> <span class='ocrx_word' id='word_1_393' title='bbox 2338 4454 2835 4536; x_wconf 89' lang='lat' dir='ltr'><strong>demonstratur,</strong></span> <span class='ocrx_word' id='word_1_394' title='bbox 2904 4455 3078 4521; x_wconf 90' lang='lat' dir='ltr'><strong>cuius</strong></span> 
     </span>
     <span class='ocr_line' id='line_1_47' title="bbox 554 4543 3075 4628; baseline -0.001 -19"><span class='ocrx_word' id='word_1_395' title='bbox 554 4546 764 4610; x_wconf 94' lang='lat' dir='ltr'><strong>honor</strong></span> <span class='ocrx_word' id='word_1_396' title='bbox 797 4544 873 4611; x_wconf 90' lang='lat' dir='ltr'><strong>ad</strong></span> <span class='ocrx_word' id='word_1_397' title='bbox 912 4557 1188 4613; x_wconf 90' lang='lat' dir='ltr'><strong>mortem</strong></span> <span class='ocrx_word' id='word_1_398' title='bbox 1222 4544 1574 4612; x_wconf 89' lang='lat' dir='ltr'><strong>obedientis</strong></span> <span class='ocrx_word' id='word_1_399' title='bbox 1608 4545 1932 4612; x_wconf 89' lang='lat' dir='ltr'><strong>celestium</strong></span> <span class='ocrx_word' id='word_1_400' title='bbox 1967 4557 2029 4611; x_wconf 91' lang='lat' dir='ltr'><strong>et</strong></span> <span class='ocrx_word' id='word_1_401' title='bbox 2058 4545 2448 4611; x_wconf 90' lang='lat' dir='ltr'><strong>terrestrium</strong></span> <span class='ocrx_word' id='word_1_402' title='bbox 2480 4543 2758 4610; x_wconf 86' lang='lat' dir='ltr'><strong>flexione</strong></span> <span class='ocrx_word' id='word_1_403' title='bbox 2791 4565 3075 4628; x_wconf 87' lang='lat' dir='ltr'><strong>genuum</strong></span> 
     </span>
     <span class='ocr_line' id='line_1_48' title="bbox 555 4631 3078 4717; baseline -0.001 -20"><span class='ocrx_word' id='word_1_404' title='bbox 555 4632 920 4699; x_wconf 88' lang='lat' dir='ltr'><strong>cumulatur.</strong></span> <span class='ocrx_word' id='word_1_405' title='bbox 1022 4635 1223 4699; x_wconf 92' lang='lat' dir='ltr'><strong>Porro</strong></span> <span class='ocrx_word' id='word_1_406' title='bbox 1297 4634 1359 4698; x_wconf 92' lang='lat' dir='ltr'><strong>in</strong></span> <span class='ocrx_word' id='word_1_407' title='bbox 1421 4652 1767 4700; x_wconf 88' lang='lat' dir='ltr'><strong>vestrarum</strong></span> <span class='ocrx_word' id='word_1_408' title='bbox 1840 4632 2311 4699; x_wconf 91' lang='lat' dir='ltr'><strong>tribulationum</strong></span> <span class='ocrx_word' id='word_1_409' title='bbox 2372 4632 2600 4698; x_wconf 90' lang='lat' dir='ltr'><strong>aculeis</strong></span> <span class='ocrx_word' id='word_1_410' title='bbox 2662 4631 2784 4697; x_wconf 92' lang='lat' dir='ltr'><strong>hoc</strong></span> <span class='ocrx_word' id='word_1_411' title='bbox 2855 4631 3078 4717; x_wconf 90' lang='lat' dir='ltr'><strong>pungit</strong></span> 
     </span>
    </p>
   </div>
  </div>
 </body>
</html>
