3505 5335
583 339 700 421 146
1748 354 1938 407 Briefe.
2867 355 2911 424 J.
2955 370 2973 406 1
2987 355 3107 425 289.

573 510 922 578 secundum
985 509 1363 577 electionem
1411 523 1684 578 vestram
1742 511 2096 593 abducitur,
2155 524 2328 580 sexta
2382 535 2523 599 pars
2569 513 2732 600 ipsas
2789 510 3104 578 redituum

575 610 1014 687 consequatur.
1107 599 1246 665 Nec
1291 612 1550 687 propter
1597 599 1722 666 hoc
1769 598 1846 665 ad
1893 599 2270 667 solvendum
2319 623 2436 687 pro
2493 619 2624 667 rata
2680 599 2885 666 debita
2931 611 3106 667 tene-

573 705 784 768 antur,
850 686 991 773 quia
1048 687 1111 752 in
1173 684 1319 753 loco
1383 686 1801 754 residentibus
1858 686 2086 754 cedent
2145 687 2388 755 edificia
2454 699 2516 754 et
2578 687 2722 769 alia,
2788 712 2909 776 que
2970 710 3105 753 non

571 786 840 862 possunt
894 797 1037 841 cum
1099 774 1686 861 transmigrantibus
1739 777 2209 863 transmigrare.
2310 777 2456 843 Hoc
2513 788 2724 843 autem
2787 798 2904 863 pro
2963 775 3105 862 lege

571 864 801 929 servari
859 861 1011 928 volo
1072 863 1136 927 in
1205 875 1614 950 perpetuum,
1681 862 1855 951 quod
1927 886 2230 930 numerus
2292 886 2590 930 sororum
2650 887 2784 929 non
2846 863 3106 930 excedat

571 951 1203 1039 quinquagenarium,
1251 952 1383 1017 sive
1429 950 1530 1017 ille
1580 950 1658 1017 de
1684 950 2137 1019 Werderstede
2183 950 2589 1033 adducantur,
2637 953 2768 1019 sive
2803 950 2881 1017 de
2928 974 3103 1018 novo

571 1040 948 1125 recipiantur
1009 1037 1088 1105 de
1143 1039 1359 1105 seculo
1406 1040 1769 1120 venienteS,
1828 1062 1948 1106 nec
2003 1038 2111 1107 fiat
2156 1038 2234 1106 de
2292 1039 2667 1127 recipiendis
2714 1039 2978 1127 sponsio
3037 1040 3102 1104 in

570 1126 869 1193 futurum.
961 1125 1087 1192 Sed
1135 1149 1277 1192 cum
1328 1150 1452 1192 una
1499 1138 1751 1193 mortua
1796 1126 2002 1209 fuerit,
2050 1126 2164 1193 alia
2212 1129 2604 1214 competenti
2650 1126 3104 1194 deliberatione

569 1213 889 1301 prehabita
933 1213 1364 1299 subrogetur.²
1436 1215 1508 1281 In
1558 1214 1739 1280 huius
1787 1216 1877 1281 rei
1910 1215 2353 1282 certitudinem
2398 1227 2760 1302 presentem
2808 1216 3100 1303 paginam

569 1301 714 1368 duxi
773 1300 987 1389 sigillis
1034 1313 1290 1384 nostro,
1351 1355 1364 1368 .
1417 1355 1430 1368 .
1488 1304 1775 1390 priorum
1828 1302 2397 1390 Magdeburgensis
2446 1315 2508 1370 et
2561 1302 3102 1370 Halberstadensis

568 1402 1004 1456 conventuum
1052 1389 1485 1456 muniendam.
1581 1392 1817 1458 Actum
1866 1414 2036 1457 anno
2089 1390 2335 1458 domini
2382 1391 3101 1458 M⁰.C⁰C.LXXXV111.

568 1476 732 1564 apud
778 1475 1172 1564 Magdeburg
1218 1496 1364 1565 post
1412 1490 1700 1545 nostrum
1751 1479 2091 1566 capitulum
2138 1478 2543 1566 provinciale.

784 1696 800 1724 ¹
852 1688 1197 1757 Quapropter
1234 1689 1476 1740 oxnnium
1522 1688 1787 1740 bonorum
1838 1698 1939 1742 etc.
2033 1688 2201 1750 Quod
2250 1689 2434 1741 vestris
2483 1687 2573 1742 fol.
2619 1690 2733 1756 183.
2881 1696 2901 1723 ‘2
2949 1686 3101 1740 Fehlt

570 1759 658 1812 fol.
705 1769 871 1828 173V.
946 1757 1116 1810 Dafur
1153 1757 1285 1810 fehlt
1325 1757 1415 1811 fol.
1462 1759 1553 1826 183
1599 1758 1691 1811 der
1728 1757 1951 1812 SchlusS.

778 1951 1028 2004 Zweirnal
1067 1950 1158 2005 fol.
1203 1963 1343 2020 173γ
1379 1950 1485 2003 und
1528 1952 1640 2019 183.
1716 1951 1787 2004 Es
1826 1951 1891 2004 ist
1930 1953 2076 2006 nicht
2112 1970 2247 2022 ganz
2286 1953 2474 2019 sicher,
2515 1953 2584 2005 ob
2627 1953 2759 2005 1288
2800 1951 2930 2004 oder
2964 1951 3097 2022 1289

567 2058 627 2091 zu
667 2039 814 2092 lesen
853 2039 948 2104 ist;
999 2039 1243 2092 letzteres
1281 2038 1465 2091 wurde
1504 2038 1585 2091 fur
1623 2038 1706 2091 die
1744 2038 1989 2109 Stellung
2033 2040 2126 2093 des
2166 2040 2481 2093 Schreibens
2533 2041 2661 2093 eher
2707 2056 2924 2110 passen‚
2976 2039 3100 2091 aber

566 2127 713 2180 wohl
750 2127 897 2181 nicht
932 2126 1014 2180 fur
1051 2127 1154 2179 den
1192 2126 1380 2180 Inhalt.
1444 2127 1553 2179 Das
1579 2126 1797 2180 Kloster
1820 2128 2178 2181 St.Nik01aus
2216 2129 2268 2181 in
2295 2128 2631 2182 Halberstadt
2669 2127 2890 2181 bestand
2929 2127 3096 2180 schon

563 2233 653 2267 am
697 2231 773 2269 1o.
814 2214 1043 2268 Februar
1085 2215 1232 2285 1289,
1271 2214 1455 2267 wurde
1493 2232 1580 2267 am
1623 2231 1701 2283 13.
1728 2216 1835 2268 Mai
1873 2232 1981 2268 von
2019 2215 2113 2269 der
2149 2216 2297 2269 Stadt
2335 2216 2623 2269 anerkannt
2662 2214 2768 2268 und
2805 2215 2856 2267 in
2897 2213 3098 2266 diesem

563 2303 909 2356 Schriftsti'ick
948 2304 1013 2356 ist
1060 2320 1158 2355 nur
1194 2302 1337 2356 noch
1374 2320 1482 2356 von
1535 2303 1709 2356 einem
1748 2303 2232 2375 Grundungsplane
2281 2305 2365 2357 die
2403 2303 2566 2357 Rede.
2642 2302 2824 2356 Grafin
2862 2303 2953 2354 Bia
2991 2318 3097 2354 von

563 2393 891 2462 Regenstein
929 2409 1041 2444 war
1079 2390 1161 2443 die
1188 2391 1383 2444 Mutter
1420 2390 1512 2444 des
1538 2392 1950 2445 Dominikaners
1990 2393 2172 2446 Ulrich
2210 2391 2316 2445 und
2354 2392 2446 2445 des
2473 2391 2671 2445 Grafen
2698 2390 2967 2456 Heinrich,
3008 2389 3099 2442 der

562 2498 651 2532 am
690 2479 842 2549 Tage
880 2479 1018 2532 nach
1056 2478 1148 2531 der
1186 2478 1483 2549 Grundung
1520 2478 1641 2531 dem
1682 2479 1900 2533 Kloster
1939 2481 2056 2533 eine
2094 2480 2275 2551 grosse
2314 2479 2637 2546 Schenkung
2674 2478 2903 2531 machte.
2973 2476 3096 2546 Vgl.

566 2568 674 2621 UB.
724 2567 772 2620 d.
811 2566 959 2619 Stadt
996 2565 1331 2619 Halberstadt
1369 2567 1416 2632 I,
1475 2583 1574 2635 179
1611 2567 1704 2620 Nr.
1747 2569 1866 2621 228.
1941 2569 2071 2620 Eine
2111 2568 2349 2621 Tochter
2396 2568 2488 2620 der
2526 2565 2707 2620 Grafin
2755 2583 2869 2619 war
2905 2566 2958 2617 in
3005 2564 3096 2617 das

562 2655 778 2709 Kloster
805 2653 1161 2708 Wiederstedt
1200 2654 1369 2708 schon
1408 2672 1506 2708 vor
1537 2656 1668 2724 1287
1697 2654 1939 2709 Oktober
1967 2672 2026 2723 25
2072 2656 2421 2727 eingetreten.
2485 2653 2608 2725 Vgl.
2646 2655 2823 2708 hierzu
2860 2652 3094 2718 Kriihne,

564 2745 673 2798 UB.
713 2743 760 2797 d.
789 2743 1006 2795 Kloster
1043 2742 1091 2796 d.
1120 2742 1424 2796 Grafschaft
1461 2743 1754 2808 Mansfeld;
1794 2743 1939 2796 darin
1977 2745 2029 2798 S.
2076 2759 2172 2815 549
2209 2744 2263 2797 ff.
2329 2744 2489 2797 Urkb.
2530 2743 2622 2797 des
2653 2742 3093 2811 Predigerinnen·

560 2831 786 2883 klosters
826 2829 1200 2896 Vv'iederstedt,
1241 2830 1530 2883 besonders
1570 2831 1662 2885 Nr.
1705 2846 1787 2884 22.

1774 3004 1905 3073 129.

781 3126 1270 3215 Ordensgeneral
1303 3125 1577 3218 (Manio)
1626 3128 1811 3195 dankt
1861 3131 1973 3195 den
2004 3131 2287 3218 Biirgern
2332 3153 2449 3195 von
2482 3128 2775 3194 Eisenach
2806 3130 2929 3217 fiir
2969 3128 3097 3193 ihre

571 3216 1009 3303 Vermittelung
1071 3217 1367 3302 zwischen
1416 3217 1471 3281 P
1501 3238 1678 3283 ctrrer
1733 3218 1862 3282 und
1906 3219 2146 3284 Kloster
2201 3218 2461 3283 daselbst
2515 3216 2643 3282 und
2698 3216 3096 3302 entschuldigt

555 3306 716 3369 scine
771 3302 1313 3390 Ordensgenossen.
1472 3307 1614 3370 ries.
1710 3301 1963 3395 (1289.)

772 3410 1074 3495 Magister
1116 3410 1354 3477 ordinis
1401 3411 1773 3496 regratiatur
1811 3411 2047 3477 civibus
2080 3410 2547 3477 stacensibus
2596 3433 2781 3498 super
2815 3408 3091 3497 quodam

561 3498 848 3583 negotiO.
930 3498 1312 3585 Benignitati
1359 3516 1586 3578 vestre,
1636 3522 1757 3585 qua
1804 3499 2000 3580 litem,
2049 3522 2170 3587 que
2217 3501 2381 3565 inter
2425 3509 2705 3565 vestrum
2756 3495 3090 3583 plebanum

561 3597 623 3650 et
670 3584 886 3650 fratres
935 3597 1193 3651 nostros
1242 3583 1497 3651 suborta
1532 3584 1778 3665 dicitur,
1825 3588 2198 3673 intercipere
2236 3586 2541 3667 voluistiS,
2590 3587 2815 3671 gratias
2862 3583 3091 3664 refer0,

558 3691 822 3759 quantas
870 3696 1155 3759 possum,
1202 3674 1426 3753 sciens,
1475 3696 1660 3760 quam
1710 3676 1789 3739 sit
1835 3676 2001 3761 pacis
2049 3676 2373 3761 integritas
2422 3676 2565 3739 Deo
2614 3685 2808 3761 grata,
2857 3695 2978 3760 que
3025 3673 3089 3738 in

560 3759 826 3826 exordio
861 3761 1196 3827 nativitatis
1243 3783 1353 3825 sue
1388 3782 1500 3826 ore
1547 3760 1835 3846 angelico
1886 3763 2127 3829 extitit1
2166 3762 2480 3849 predicata
2526 3760 2695 3827 bone
2727 3759 3090 3826 hominibus

560 3847 920 3914 voluntatis,
1014 3849 1259 3914 Verum
1322 3849 1784 3933 experienciam
1843 3862 2115 3916 vestram
2174 3874 2363 3916 nosse
2423 3851 2643 3937 cupi0,
2706 3847 2880 3936 quod
2941 3870 3089 3934 sepe

560 3936 847 4000 iniuriam
908 3937 1258 4022 patiuntur,
1321 3937 1425 4022 qui
1475 3959 1612 4001 eam
1675 3935 1904 4003 inferre
1961 3949 2275 4024 putantur.
2381 3938 2488 4003 Set
2549 3935 2803 4024 quando
2864 3936 3089 4002 veritas

559 4022 907 4103 discutitur,
956 4022 1217 4110 liquido,
1267 4026 1408 4088 cui²
1452 4022 1658 4110 palma
1706 4022 1885 4091 cedat
1931 4026 2216 4106 victorie,
2265 4026 2601 4092 invenitur.
2682 4024 3091 4111 Quapropter

560 4110 764 4176 dictos
811 4110 1028 4176 fratres
1077 4134 1209 4176 non
1251 4112 1460 4177 minus
1507 4123 1721 4197 gratos
1757 4111 1995 4179 debetis
2042 4113 2292 4193 habere,
2341 4114 2392 4178 si
2439 4114 2566 4198 suis
2598 4124 2859 4179 utuntur
2905 4112 3090 4199 privi-

557 4198 759 4283 legiis,
808 4221 930 4286 que
978 4200 1127 4286 ipsis
1174 4198 1339 4265 sedis
1377 4199 1723 4286 apostolice
1772 4200 2167 4287 providentia
2212 4200 2313 4267 vel
2359 4200 2712 4287 legatorum
2761 4198 3089 4266 liberalitas

557 4286 825 4353 contulit
871 4288 935 4351 in
983 4286 1246 4353 salutem
1295 4285 1598 4367 fidelium,
1648 4312 1782 4354 non
1832 4290 1894 4353 in
1942 4290 2286 4375 perniciem
2336 4290 2708 4354 animarum.
2794 4288 2992 4374 Igitur
3038 4288 3088 4351 si

556 4372 759 4459 placet
808 4371 1171 4440 discretioni
1219 4386 1460 4456 vestre,
1517 4373 1593 4441 ad
1642 4376 1960 4462 predictos
2007 4374 2225 4443 fratres
2287 4375 2668 4442 familiariter
2714 4374 3087 4441 accedentes

558 4463 884 4548 requiratis
918 4461 990 4527 ab
1038 4464 1187 4548 ipsis
1235 4463 1329 4527 sui
1377 4461 1542 4543 facti,
1589 4463 1762 4551 quod
1804 4465 1890 4530 eis
1940 4465 2309 4551 imponitur,
2357 4465 2691 4544 rationem,
2741 4474 2977 4550 quanto
3028 4474 3088 4528 et

557 4552 783 4615 iustam
819 4552 1293 4617 excusationem
1342 4561 1403 4616 et
1435 4563 1717 4618 sanctam
1765 4553 2189 4618 intentionem
2221 4551 2450 4618 habere
2496 4550 2861 4638 probantur,
2909 4561 3087 4616 tanto

555 4635 878 4702 dilectioni
935 4650 1140 4705 vestre
1205 4640 1485 4704 tenacius
1542 4641 1924 4721 inserantur,
1991 4640 2088 4705 sin
2158 4651 2399 4720 autem,
2468 4662 2579 4726 per
2645 4662 2749 4705 me
2813 4637 2915 4704 vel
2976 4661 3087 4724 per
