3505 5335
565 317 647 382 86
1718 368 1719 371 η
1742 329 1933 384 Briefe.
2693 385 2697 388 Α
2716 333 2760 402 J.
2805 349 2822 384 1
2838 348 3096 402 272—77.

562 503 777 557 tamen
824 513 897 556 su
943 488 1313 576 plicantibus
1360 486 1812 555 condescendo
1858 486 2113 569 volenS,
2171 486 2345 576 quod
2391 487 2559 555 nulla
2620 488 2698 559 de
2744 490 2884 577 ipso
2932 489 3096 578 apud

562 600 783 664 regem
830 512 939 643 vel³
973 576 1164 644 alium
1206 577 1606 665 querimonia
1653 574 1966 645 deferatur
2013 628 2027 641 .
2078 629 2092 642 .
2145 628 2159 642 .
2207 576 2346 664 Ego
2394 588 2607 644 autem
2652 579 3095 647 auctoritatem
3131 628 3142 636 .

562 663 929 731 absolvendi
988 666 1197 752 ipsum
1252 663 1327 730 ab
1388 664 2053 735 excommunicatione
2108 686 2244 730 non
2300 664 2504 731 habeo
2552 662 2931 732 ordinariam
2996 665 3097 732 vel

564 754 753 820 etiam
794 751 1146 838 delegatam
1193 774 1312 819 nec
1354 750 1568 833 credo,
1615 750 1790 839 quod
1822 750 2121 818 dominus
2154 751 2634 838 Ratisponensis
2665 751 2910 834 habeat,
2950 777 3095 820 cum

561 839 821 907 fratrum
871 858 1280 907 conservator
1329 840 1428 922 sit,
1474 861 1609 905 non
1656 861 1983 920 sororum,
2041 840 2160 906 nisi
2207 863 2283 906 ex
2330 841 2789 907 commissione
2835 838 3097 907 forsitan

561 927 832 1016 speciali.
904 928 1403 995 Communicant
1477 925 1694 994 uidem
1740 949 1996 992 sorores
2027 925 2212 993 nobis
2258 928 2324 993 in
2370 927 2731 1015 privilegiiS,
2778 929 2843 993 in
2876 926 3098 1016 quibus

559 1014 866 1083 beneficia
911 1014 1269 1103 principalia
1315 1038 1383 1082 se
1473 1013 1705 1096 ilatant‚
1752 1026 1849 1081 set
1894 1037 2030 1080 non
2077 1015 2167 1081 sic
2211 1016 2276 1080 in
2323 1016 2656 1103 rescriptiS,
2705 1038 2827 1103 que
2874 1037 3099 1102 proce-

563 1102 720 1179 dunt
765 1105 989 1170 semita
1035 1104 1366 1170 strictiore.
1460 1101 1683 1170 Valete
1730 1113 1849 1169 etc.

770 1312 882 1366 Fol.
925 1323 1070 1381 135V
1105 1311 1212 1365 und
1252 1311 1367 1381 136.
1440 1312 1562 1364 Wie
1601 1327 1693 1363 aus
1733 1310 1857 1363 dem
1895 1311 2122 1363 zweiten
2162 1310 2334 1363 Briefe
2371 1311 2485 1363 sich
2524 1312 2744 1381 ergiebt‚
2784 1311 3001 1365 handelt
3041 1330 3096 1364 es

563 1403 676 1454 sich
713 1418 803 1454 um
843 1401 927 1453 ein
965 1400 1311 1453 Verbrechen
1348 1415 1529 1470 gegen
1569 1400 1654 1451 ein
1692 1396 2114 1451 Frauenkloster.

1779 1608 1875 1677 57.

770 1751 1127 1837 Provinzial
1199 1749 1438 1838 Utrich)
1470 1748 1725 1815 schreibt
1757 1771 1838 1815 an
1870 1748 2113 1815 Kloster
2149 1749 2377 1815 Sirnau
2424 1749 2571 1815 iiber
2608 1753 2734 1816 eine
2760 1753 3101 1838 gesangenc

565 1838 894 1905 Schwester
938 1838 1068 1904 und
1110 1845 1150 1902 ἃ
1192 1861 1256 1903 er
1303 1838 1416 1903 den
1458 1836 1799 1924 gehannten
1848 1836 2136 1926 Leupold.
2232 1834 2431 1921 (1272
2461 1877 2501 1885 a·
2532 1838 2751 1928 1277.)

769 1962 1040 2028 Devotis
1084 1962 1149 2026 in
1185 1960 1443 2027 Christo
1490 1961 1789 2046 priorisse
1837 1978 1899 2026 et
1931 1959 2254 2027 sororibus
2301 1962 2367 2025 in
2398 1960 2823 2028 Sirmenowe.
2898 1960 3098 2042 Quod

560 2050 900 2135 inportuna
946 2070 1130 2115 soror
1174 2047 1275 2114 illa
1319 2049 1549 2115 iterum
1595 2049 1661 2113 in
1704 2070 1951 2115 carcere
1997 2070 2112 2134 per
2157 2047 2449 2114 scultheti
2495 2047 2971 2135 providenciam
3006 2062 3100 2116 est

561 2135 823 2217 reclusa,
870 2135 1153 2224 approbo
1200 2158 1313 2222 per
1358 2153 1705 2223 presenteS,
1752 2135 1976 2202 volens
2009 2134 2182 2224 quod
2229 2134 2462 2202 ibidem
2497 2159 2695 2224 usque
2743 2135 2819 2203 ad
2854 2159 3099 2206 correc-

558 2225 805 2291 tionem
854 2222 1129 2290 debitam
1189 2224 1462 2290 strictius
1516 2235 1807 2290 teneatur
1854 2235 1916 2290 et
1974 2224 2110 2289 sine
2157 2246 2308 2290 meo
2372 2245 2688 2290 consensu
2747 2223 3099 2291 nullatenus

562 2309 927 2378 dimittatur.
1028 2311 1154 2398 Ipsi
1219 2323 1432 2378 autem
1490 2310 1823 2398 Leupoldo
1890 2310 2284 2378 molestatori
2351 2330 2597 2393 vestm,
2709 2313 2950 2378 uamvis
3016 2311 3099 2377 ob

561 2398 1066 2486 magnitudinem
1132 2400 1410 2465 criminis
1469 2400 1735 2486 gratiam
1798 2400 2065 2465 minime
2129 2399 2459 2480 meruerit,
2527 2422 2652 2465 con
2701 2398 2978 2466 escendo
3039 2412 3100 2465 et

561 2488 831 2574 ignosco
880 2486 1156 2574 culpam,
1219 2484 1577 2553 dummodo
1624 2486 1807 2553 vobis
1869 2485 2199 2553 satisfaciat
2244 2485 2323 2553 ad
2369 2498 2728 2554 vestrorum
2775 2486 3099 2553 arbitrium

562 2575 934 2640 amicorum.
1027 2574 1136 2641 Set
1183 2572 1262 2640 de
1310 2575 1976 2641 excommunicatione
2036 2575 2244 2661 ipsum
2290 2573 2657 2641 absolvendi
2714 2597 2848 2641 non
2895 2572 3098 2641 habeo

561 2674 964 2749 potestatem,
1012 2674 1108 2729 set
1138 2660 1217 2728 ad
1246 2684 1473 2750 papam
1507 2661 1829 2749 oportebit
1859 2663 2067 2750 ipsum
2098 2685 2418 2730 recurrere
2450 2662 2550 2730 vel
2582 2675 3097 2730 conservatorem

561 2750 743 2816 vobis
768 2749 1141 2837 ‘specialiter
1190 2748 1581 2837 deputatum.
1675 2749 1899 2818 Valete
1948 2769 2010 2818 et
2058 2762 2234 2817 orate
2280 2773 2399 2837 pro
2447 2774 2571 2816 me.

776 2961 886 3014 Fol.
920 2959 998 3029 36.
1059 2960 1276 3013 Kloster
1301 2961 1486 3013 Simau
1517 2975 1642 3024 1241
1689 2959 2007 3030 gegrundet‚
2051 2974 2178 3028 1245
2211 2960 2312 3030 Juli
2344 2975 2408 3024 14
2444 2960 2536 3013 der
2574 2977 2696 3013 cura
2734 2959 2827 3013 der
2853 2959 3098 3012 Domini·

563 3050 723 3101 kaner
762 3048 1067 3118 ubergeben
1107 3047 1449 3115 (th‘ttemb.
1492 3048 1599 3101 UB.
1628 3048 1703 3099 IV
1741 3047 1836 3101 Nr.
1874 3049 1971 3119 983
2007 3048 2112 3100 und
2152 3049 2323 3118 1097),
2361 3047 2545 3100 wurde
2585 3052 2762 3117 spater
2798 3047 2936 3100 nach
2983 3046 3099 3099 Ess-

567 3136 751 3208 lingen
788 3136 1012 3206 verlegt.

1785 3291 1882 3360 58.
2443 3329 2446 3334 <

776 3435 1132 3520 Provinzial
1179 3431 1427 3521 (Ulrich
1513 3436 1872 3521 verweigert
1924 3434 2083 3499 seine
2140 3433 2566 3520 Zustimmung
2596 3457 2760 3584 §um
2827 3432 3108 3518 Veskauf

564 3546 681 3588 von
718 3523 952 3589 Gzitern
997 3525 1209 3588 seitens
1255 3521 1354 3587 des
1477 3572 1490 3585 .
1536 3521 1624 3585 W
1619 3520 1765 3586 eiler
1810 3520 1939 3585 und
1979 3519 2235 3586 schreibt
2280 3519 2426 3585 iiber
2471 3519 2565 3585 die
2658 3520 2955 3607 usnahme
2983 3543 3100 3586 von

568 3611 864 3696 Novizen.
959 3606 1475 3698 (1272—1277.)

776 3733 1029 3799 Devote
1060 3734 1125 3799 in
1160 3732 1418 3798 Christo
1455 3783 1469 3796 .
1506 3783 1519 3796 .
1553 3731 1852 3816 priorisse
1897 3732 1962 3795 in
1994 3729 2282 3797 wilario.
2352 3729 2849 3796 Necessitatibus
2881 3730 3102 3797 vestris

565 3832 831 3906 paterno
879 3842 1025 3885 com
1074 3820 1245 3886 acior
1278 3842 1355 3885 ex
1401 3818 1649 3899 affectu,
1695 3840 1816 3884 nec
1860 3829 2076 3884 tamen
2123 3819 2189 3883 in
2223 3818 2360 3899 hiis,
2408 3840 2531 3905 que
2578 3818 2789 3883 minus
2835 3815 3101 3905 provide

541 3907 805 3994 petitis,
865 3929 970 3973 me
1062 3918 1199 3974 ecet
1261 3928 1540 3973 annuere
1586 3906 1754 3972 votis
1800 3907 2051 3988 vestriS,
2109 3928 2190 3972 ne
2237 3904 2386 3971 falsa
2430 3904 2709 3972 remedia
2756 3903 3102 3992 probentur

544 3994 701 4068 ‚fieri
768 3995 931 4061 veris
993 3992 1283 4080 periculis
1336 3994 1644 4080 graviora.
1737 3991 2014 4060 Proinde
2076 3991 2250 4081 quod
2295 3991 2583 4059 vendatis
2684 3993 3100 4071 ossessioneS‚

566 4106 719 4171 quas
766 4083 1020 4148 iamiam
1079 4083 1143 4148 in
1190 4103 1343 4167 pace
1398 4082 1682 4156 noscitur
1724 4092 2010 4147 vestrum
2067 4081 2527 4148 monasterium
2587 4102 2628 4146 o
2674 4081 2905 4160 tinere,
2966 4101 3100 4145 non

566 4168 850 4258 approbo
899 4193 1018 4238 nec
1065 4168 1377 4249 conced0‚
1424 4170 1546 4235 nisi
1591 4167 1751 4235 adeo
1799 4169 2006 4255 gravis
2053 4180 2308 4255 urgeret
2352 4168 2692 4235 necessitas
2724 4167 2826 4234 vel
2871 4166 3101 4233 utilitas

566 4257 884 4339 arrideret,
932 4255 1106 4345 quod
1153 4309 1167 4322 .
1206 4309 1219 4322 .
1268 4258 1461 4344 prior,
1495 4309 1508 4322 .
1547 4309 1560 4322 .
1608 4255 1829 4337 lector,
1872 4309 1885 4322 .
1923 4309 1936 4321 .
1973 4257 2264 4343 supprior
2295 4278 2439 4322 cum
2489 4254 2770 4323 discretis
2815 4253 3102 4321 fratribus

570 4358 631 4413 et
653 4345 786 4416 aliis
816 4346 1032 4412 amicis
1058 4345 1397 4411 claustrum
1421 4342 1823 4431 diligentibus
1853 4342 2202 4411 iudicarent
2231 4343 2407 4410 aliter
2436 4341 2815 4410 faciendum.
2864 4343 3104 4428 Recep-

567 4435 777 4500 tiones
823 4455 1078 4521 quoque
1125 4455 1540 4520 personarum
1588 4454 1721 4497 non
1772 4432 2075 4499 consuevi
2122 4430 2498 4518 generaliter
2543 4429 2902 4517 indulgere,
2960 4431 3103 4517 quia

567 4520 939 4608 plerumque
986 4543 1240 4587 sorores
1298 4519 1374 4586 ad
1423 4519 1695 4606 dampna
1751 4519 1977 4606 inpulit
2022 4518 2140 4586 hec
2196 4519 2464 4585 libertas,
2557 4516 2747 4585 Unde
2794 4519 2847 4583 si
2903 4517 3104 4604 aliqua

570 4621 736 4676 certa
768 4631 1038 4695 persona
1073 4609 1419 4689 emerserit,
1452 4630 1574 4696 que
1608 4606 2011 4674 conditiones
2044 4606 2266 4675 habeat
2296 4608 2621 4692 gratiosa8‚
2670 4606 2826 4672 mihi
2861 4603 2938 4672 de
2972 4606 3102 4691 ipsa
