3505 5335
574 364 594 405 1
607 361 692 407 OO
1614 402 1615 405 ,
1734 353 1924 407 Briefe.
2860 357 2904 425 J.
2953 364 3099 423 1276.

565 515 666 581 ubi
713 538 838 581 una
868 513 1221 595 vobiscum,
1271 537 1415 579 cum
1450 512 1602 594 aliis,
1649 513 1756 600 qui
1796 513 2168 579 exercitatos
2215 511 2448 578 habent
2492 536 2715 578 sensus
2761 512 2839 579 ad
2871 511 3100 580 discre-

563 605 839 682 cionem,
887 603 950 667 in
986 601 1307 668 dominica
1336 599 1550 667 Indica
1581 599 1893 667 discutere
1925 612 1986 666 et
2033 599 2328 680 iudicare,
2375 623 2695 688 propono,
2744 599 2892 688 quid
2931 600 3096 668 facto

562 714 723 778 opus
769 691 849 756 sit
896 708 958 755 et
1005 688 1156 777 quid
1203 687 1490 776 expediat
1536 700 1708 755 tante
1756 689 1864 754 rei.

766 900 879 955 Fol.
915 916 1027 969 123.
1078 901 1137 952 In
1164 899 1256 952 der
1284 899 1413 969 folg.
1440 899 1533 952 Nr.
1561 898 1782 952 werden
1809 898 2003 951 etliche
2029 917 2091 952 zu
2120 900 2266 952 einer
2294 900 2563 969 Beratung
2602 918 2668 952 an
2697 909 3092 970 ungenanntem

560 989 694 1043 Orte
733 989 1064 1060 eingeladen.
1138 988 1303 1041 Diese
1350 986 1457 1041 und
1504 987 1588 1040 die
1638 986 1930 1057 folgenden
1981 987 2110 1040 Nrn.
2161 987 2417 1040 beziehen
2466 989 2580 1040 sich
2629 987 2723 1040 auf
2762 988 2846 1041 die
2885 989 3095 1041 Wirren

559 1078 652 1131 des
690 1078 877 1147 Jahres
921 1076 1053 1146 1276
1090 1077 1363 1129 zwischen
1400 1075 1628 1129 Ottokar
1665 1091 1773 1127 von
1812 1075 2056 1127 Bohmen
2095 1074 2201 1127 und
2238 1074 2441 1128 Rudolf
2471 1093 2578 1128 von
2605 1076 2901 1145 Habsburg.
2974 1076 3095 1128 Den

557 1165 908 1236 Augsburger
944 1165 1066 1234 Tag
1103 1179 1381 1233 von-1275
1424 1163 1531 1216 Mai
1576 1179 1632 1230 15
1688 1164 1836 1215 hatte
1876 1162 1944 1217 O.
1984 1164 2125 1215 noch
2164 1163 2464 1228 beschickt;
2518 1163 2612 1216 auf
2656 1164 2766 1216 ihm
2805 1163 2988 1216 wurde
3038 1181 3095 1216 er

558 1254 825 1323 geachtet.
900 1252 1029 1305 Bald
1065 1253 1278 1322 begann
1315 1251 1409 1304 der
1444 1251 1626 1320 Krieg.
1701 1251 1862 1303 Wien
1901 1250 2029 1304 hielt
2067 1260 2181 1304 treu
2221 1269 2281 1303 zu
2322 1250 2390 1305 O.
2431 1251 2538 1304 und
2573 1250 2756 1303 wurde
2807 1251 2966 1320 lange
3001 1251 3093 1303 be·

558 1341 743 1411 lagert.
806 1341 988 1410 Konig
1027 1339 1254 1394 Ottokar
1291 1339 1453 1404 hatte,
1491 1339 1597 1391 wie
1635 1355 1727 1391 aus
1768 1338 1892 1391 dem
1930 1337 2220 1409 folgenden
2251 1339 2541 1392 Schreiben
2579 1340 2924 1408 hervorgeht,
2964 1356 3090 1391 vom

556 1429 851 1481 Provinzial
889 1428 973 1481 die
1010 1427 1324 1498 Verlegung
1362 1426 1455 1479 des
1493 1425 2014 1496 Provinzialkapitels
2061 1426 2319 1496 verlangt.
2397 1426 2601 1496 Obiges
2641 1427 2929 1480 Schreiben
2982 1427 3091 1479 fiillt

556 1517 669 1569 also
708 1516 855 1570 wohl
895 1517 947 1569 in
985 1515 1069 1568 die
1107 1524 1282 1568 ersten
1320 1514 1569 1567 Wochen
1607 1513 1700 1566 des
1738 1513 1924 1584 Jahres
1968 1504 2130 1584 1276.¹

1781 1760 1876 1828 76.

764 1884 1123 1970 Provinzial
1168 1882 1447 1973 (Ulrich)
1500 1886 1629 1951 teilt
1677 1887 1877 1971 Kc‘im'g
1926 1882 2249 1971 (Ottokar)
2306 1906 2424 1949 von
2471 1883 2737 1949 Bahman
2795 1884 2889 1948 die
2945 1884 3086 1948 Ver·

555 1973 779 2059 legung
824 1972 925 2038 des
971 1970 1580 2059 Provinzialkapitels
1625 1975 1752 2039 mit.
1849 1968 2101 2061 (1276).

762 2094 942 2161 Idem
988 2094 1387 2181 provincialis
1442 2097 1574 2181 regi
1622 2097 1918 2176 Boemie,
1979 2096 2085 2183 qui
2132 2096 2469 2181 persuasit,
2529 2093 2702 2182 quod
2749 2093 3084 2180 capitulum

551 2181 1006 2249 transferretur.
1078 2182 1519 2249 Serenissimo.
1569 2184 1751 2250 Pater
1784 2185 2098 2249 immense
2131 2182 2495 2262 maiestatiS,
2535 2204 2647 2268 per
2679 2205 2869 2268 quem
2904 2204 2971 2247 re
3020 2206 3085 2247 es

552 2293 777 2357 regum
811 2282 929 2337 etc.
960 2323 972 2336 .
1005 2323 1018 2336 .
1056 2270 1283 2336 Grates
1315 2273 1560 2357 agimus
1588 2289 1649 2337 et
1674 2295 1808 2337 non
1841 2272 2068 2358 ingrati
2100 2271 2327 2356 gratias
2362 2270 2688 2350 solvimUS,
2722 2292 2873 2357 quas
2900 2267 2978 2335 de
3025 2292 3084 2335 e-

551 2382 713 2440 muS,
749 2382 826 2424 ex
858 2381 960 2439 e0,
1008 2357 1180 2446 quod
1213 2381 1330 2423 vos
1362 2359 1427 2423 in
1458 2360 1760 2446 prestanti
1791 2358 1938 2424 licet
1970 2357 2245 2425 culmine
2279 2356 2676 2446 constitut(i)
2711 2359 2793 2422 ita
2824 2365 3086 2423 manusl

551 2445 886 2512 clementie
919 2447 1258 2527 inclinavit,
1300 2457 1369 2512 ut
1400 2447 1564 2513 inter
1596 2458 1694 2513 tot
1726 2469 2014 2513 curarum
2048 2444 2278 2527 turbaS,
2312 2445 2536 2533 quibus
2569 2444 2798 2531 regalia
2830 2457 3085 2532 pectora

548 2533 1051 2622 frequentantur,
1115 2556 1460 2634 pauperum
1511 2533 1773 2601 fratrum
1823 2553 1882 2600 et
1933 2557 2187 2614 eorum,
2235 2557 2356 2621 que
2405 2533 2481 2599 ad
2529 2535 2701 2619 ipsos
2749 2534 3083 2619 pertinent,

550 2620 902 2709 dignemini
934 2622 1324 2688 meminisse.
1388 2621 1796 2690 Celsitudinis
1829 2623 2060 2712 quippe
2092 2633 2299 2689 vestre
2331 2619 2662 2689 reverendi
2696 2623 2901 2708 apices
2935 2644 3086 2687 con-

547 2710 848 2791 tinebant,
897 2709 1069 2798 quod
1116 2708 1375 2776 fratrum
1424 2723 1815 2792 nostrorum,
1864 2723 1932 2778 ut
1978 2712 2339 2797 accepistis,
2400 2712 2464 2775 in
2512 2711 2636 2775 hoc
2728 2711 3082 2797 ropositum

548 2796 881 2879 resideret,
985 2809 1247 2864 uatenus
1308 2797 1412 2864 tali
1458 2810 1749 2886 tempore
1802 2852 1814 2864 .
1868 2852 1881 2864 .
1932 2810 2224 2865 nostrum
2272 2797 2566 2864 celebrari
2615 2732 2870 2863 deberet
2918 2799 3080 2883 capi-

547 2885 747 2951 tulum
794 2887 858 2951 in
984 2888 1188 2952 ienna.
1272 2887 1511 2952 Verum
1548 2910 1693 2953 cum
1725 2898 1985 2973 propter
2019 2888 2392 2973 opinionem
2427 2885 2737 2951 bellorum
2769 2883 3081 2951 sollertius

548 2986 837 3059 oporteat
884 2997 1073 3060 agere
1121 2974 1260 3055 hos,
1313 2976 1418 3062 qui
1464 2974 1540 3040 ad
1589 2977 1770 3061 regni
1816 2975 2006 3041 vestri
2056 2972 2412 3040 custodiam
2459 2992 2605 3039 sunt
2651 2974 2935 3054 accincti,
2983 2975 3081 3059 pia

547 3059 967 3128 sollicitudine
1024 3062 1350 3143 timuistiS,
1408 3085 1488 3128 ne
1536 3062 1909 3129 accedentes
1969 3061 2110 3128 illuc
2169 3063 2359 3128 etiam
2405 3061 2587 3127 vobis
2644 3061 3081 3146 ignorantibus

445 3208 452 3214 .
545 3149 910 3235 personales
958 3161 1062 3216 aut
1108 3149 1305 3216 reales
1361 3151 1616 3217 iniurias
1663 3152 2016 3238 paciantur;
2072 3148 2241 3215 unde
2303 3150 2579 3215 suasistis
2635 3148 2901 3235 provide
2947 3171 3082 3235 pre-

546 3236 784 3303 dictum
833 3237 1172 3324 capitulum
1220 3239 1431 3324 potius
1478 3239 1544 3303 in
1604 3249 1744 3304 tuto
1796 3239 2095 3304 constitui
2142 3261 2331 3325 quam
2380 3237 2647 3303 oborta²
2705 3249 3080 3323 tempestate

544 3324 833 3411 periculis
893 3326 1190 3411 navigari.
1301 3326 1723 3393 Advertentes
1781 3327 1998 3412 igitur,
2067 3324 2238 3413 quod
2296 3348 2429 3390 non
2497 3323 2713 3390 deceat
2772 3326 3079 3390 terminos

543 3413 893 3500 transgredi
919 3413 1161 3479 consilii
1201 3413 1502 3494 salutariS,
1536 3413 1708 3502 quod
1740 3413 2016 3500 benigne
2050 3414 2282 3479 mentis
2306 3435 2464 3478 vena
2495 3413 2711 3499 purior
2746 3414 3077 3490 emanavit,

543 3501 620 3567 ad
669 3512 1056 3567 conventum
1105 3501 1294 3566 alium
1342 3501 1605 3587 predicti
1640 3501 1887 3588 capituli
1937 3524 2101 3567 onus
2148 3499 2580 3567 transtulimus
2628 3512 2690 3566 et
2737 3500 3075 3578 honorem,

543 3612 760 3674 preces
810 3587 1127 3654 conditori
1175 3590 1468 3653 omnium
1505 3641 1518 3653 .
1570 3641 1582 3653 .
1636 3588 2004 3655 .humiliter
2052 3588 2470 3669 effundenteS,
2519 3600 2825 3676 quatenus
2858 3587 3076 3652 diffusa

543 3675 762 3743 celitus
812 3677 1064 3742 caritate
1127 3675 1259 3743 dies
1307 3695 1543 3742 vestras
1600 3678 1663 3741 in
1714 3700 1819 3757 ea,
1879 3700 2068 3764 quam
2125 3676 2401 3742 mundus
2458 3676 2604 3742 dare
2653 3699 2784 3741 non
2845 3686 3074 3761 potest,

541 3786 693 3850 pace
752 3763 1075 3849 disponat,
1142 3774 1431 3829 sanctum
1499 3763 1779 3829 tribuens
1840 3763 2252 3846 desiderium,
2324 3775 2492 3830 recta
2558 3763 2848 3842 consilia,
2916 3785 3076 3848 opus

541 3853 807 3931 iustum,
917 3852 1157 3917 uamvis
1216 3849 1581 3917 huiusmodi
1640 3853 1918 3917 mutacio
1981 3852 2187 3917 ordini
2246 3875 2380 3917 non
2448 3863 2750 3918 consueta
2805 3852 3074 3916 multum

541 3941 864 4005 contineat
917 3938 1124 4004 aboris
1157 3961 1227 4004 ac
1260 3938 1593 4025 dispendii,
1640 3938 1988 4005 addiderim
2023 3952 2085 4006 et
2116 3938 2396 4026 pudoriS,
2432 3963 2508 4006 ex
2543 3963 2621 4006 eo
2655 3939 2829 4027 quod
2858 3937 3076 4004 fratres

540 4028 741 4092 nostri
789 4045 1045 4092 auctore
1079 4027 1224 4092 Deo
1273 4028 1396 4093 vita
1441 4026 1815 4113 probabileS,
1865 4026 1995 4093 doli
2042 4051 2265 4113 rugam
2301 4039 2362 4094 et
2410 4029 2727 4114 capcionis
2767 4025 3071 4092 maculam

539 4116 895 4181 nescientes
942 4134 1267 4202 tamquam
1313 4114 1590 4181 malivoli
1638 4115 2043 4201 repelluntur.
2113 4115 2284 4181 Alias
2315 4138 2470 4181 vero
2519 4138 2714 4201 regna
2747 4126 3074 4180 commota

537 4204 821 4283 transire,
857 4201 1039 4268 urbes
1073 4200 1359 4268 obsessas
1391 4201 1638 4289 ingredi
1668 4226 1739 4269 ac
1776 4204 1939 4269 inter
1971 4204 2222 4269 strictos
2253 4205 2534 4290 parcium
2567 4202 2812 4289 gladios
2845 4204 3076 4269 versari

537 4302 861 4378 tamquam
891 4313 1163 4377 superne
1203 4291 1370 4375 pacis
1403 4289 1688 4377 discipuli
1735 4292 1871 4356 sine
1902 4292 2280 4378 suspicionis
2315 4290 2669 4378 calumpnia
2700 4292 3074 4377 permittun-

537 4396 655 4443 tur.
729 4379 969 4443 Verum
1018 4401 1163 4444 cum
1211 4378 1336 4444 hoc
1383 4401 1516 4443 non
1549 4380 1627 4444 sit
1672 4377 2171 4465 retorquendum
2220 4377 2298 4445 ad
2328 4380 2641 4458 iniuriam,
2689 4378 2862 4466 quod
2894 4378 3074 4444 vobis

537 4464 1002 4531 habundantem
1069 4463 1377 4551 proficere
1426 4465 1675 4532 creditis
1722 4465 1801 4531 ad
1862 4466 2195 4547 cautelam,
2254 4466 2482 4533 nullius
2530 4466 2767 4532 doloris
2825 4491 2902 4533 ex
2950 4466 3072 4531 hoc

536 4552 753 4619 fratres
786 4552 1118 4619 acerbitate
1150 4564 1545 4641 torquentur,
1579 4565 1674 4620 set
1705 4556 1973 4620 amatori
2004 4556 2173 4641 pacis
2207 4553 2475 4620 domino
2503 4553 2733 4622 devota
2764 4557 3072 4642 prompti-

535 4640 754 4707 tudine
788 4640 1269 4708 substernuntur
1300 4640 1553 4707 assiduo
1587 4639 2028 4728 supplicanteS,
2063 4653 2370 4730 quatenus
2405 4642 2624 4708 diffusa
2659 4644 2719 4708 in
2756 4642 3070 4709 mentibus
