3505 5335
419 341 462 410 J.
509 354 656 406 1277.
1592 338 1783 392 Briefe.
2834 342 2948 404 105

423 497 640 563 celitus
675 494 1108 563 commendati
1156 508 1335 563 tanto
1368 495 1698 577 liberaliUS,
1746 509 1984 584 quanto
2032 496 2283 563 liberius
2333 494 2747 563 esurientibus
2794 495 2958 561 fran-

421 597 598 671 geret
644 608 872 672 panem
919 584 1125 665 verbi,
1175 583 1414 650 dudum
1461 583 1608 666 fuit,
1669 586 1829 651 sicut
1876 585 2106 666 nostiS,
2153 585 2464 671 prioratus
2512 583 2729 650 officio
2776 584 2957 650 abso·

422 675 619 754 lutuS,
672 725 685 738 .
737 727 750 738 .
803 725 816 739 .
866 673 971 760 qui
1027 674 1390 758 importune
1439 683 1501 739 et
1548 690 1866 759 oportune
1927 673 2019 738 lac
2065 671 2381 759 spirituale
2428 671 2689 759 prebere
2748 670 2955 752 debet,

422 761 691 847 parvulis
738 760 830 827 lac
873 760 1171 847 simplicis
1218 760 1481 827 historie
1526 772 1588 827 et
1635 761 2021 827 excercitatis
2068 759 2273 826 cibum
2324 759 2598 826 solidum
2646 783 2955 846 anagoge.

422 850 607 915 Hoc1
640 847 718 914 de
765 847 1051 936 predicto
1097 847 1283 914 fratre
1330 850 1534 914 tenuit
1580 850 1861 934 magistri
1910 847 2148 915 ordinis
2179 849 2522 928 sentencia,
2570 847 2695 913 hoc
2741 871 2954 914 meum

423 935 862 1024 comprobavit
907 935 1228 1017 iudicium,
1277 936 1401 1002 hoc
1447 934 1705 1002 fratrum
1757 935 2029 1002 laudavit
2074 937 2243 1002 racio
2291 935 2733 1023 plurimorum,
2782 935 2954 1024 quod

422 1024 714 1091 videlicet
761 1025 967 1091 utilius
1001 1035 1063 1090 et
1107 1023 1488 1090 fructuosius
1535 1035 1858 1113 tamquam
1905 1023 2156 1090 lucerna
2187 1023 2423 1089 luceret
2470 1022 2787 1105 omnibuS,
2836 1047 2957 1111 que

423 1112 536 1179 sub
599 1114 783 1178 unius
832 1123 1185 1178 conventus
1247 1109 1470 1177 modio
1533 1111 1866 1178 moderato
1915 1113 2279 1178 restrictus²
2339 1111 2536 1178 limite
2593 1130 2956 1198 poneretur.

423 1198 700 1267 Proinde
757 1199 1137 1267 electionem
1187 1199 1266 1266 de
1326 1201 1465 1286 ipso
1513 1198 1734 1266 factam
1802 1211 1863 1266 et
1911 1201 2065 1266 mihi
2125 1222 2236 1286 per
2290 1198 2507 1265 fratres
2552 1211 2799 1265 vestros
2856 1223 2959 1265 ex-

426 1288 682 1355 hibitam
740 1299 803 1354 et
864 1287 1136 1353 oblatam
1194 1286 1270 1353 ad
1329 1286 1842 1353 confirmacionis
1897 1286 2278 1354 beneficium
2334 1311 2465 1352 non
2523 1287 2819 1374 promovi
2864 1299 2960 1352 set

423 1375 760 1443 sufficienti
818 1374 1277 1442 deliberacione
1333 1374 1526 1441 fretus
1575 1375 1843 1442 eandem
1900 1376 2132 1442 cassavi
2195 1387 2255 1441 et
2314 1398 2552 1441 cassam
2609 1376 2958 1462 pronuntio

424 1487 535 1550 per
565 1475 910 1551 presentes,
959 1465 1291 1550 presertim
1325 1487 1469 1529 cum
1503 1465 1567 1529 in
1602 1463 2089 1530 Constanciensi
2139 1463 2409 1549 capitulo
2443 1462 2676 1529 litteras
2710 1464 2957 1529 nostras

425 1575 610 1639 super
656 1552 780 1618 hoc
844 1551 1156 1631 habuerit,
1217 1550 1389 1638 quod
1452 1550 1607 1616 infra
1664 1551 1991 1617 biennium
2049 1552 2113 1616 in
2158 1551 2455 1638 ‚priorem
2511 1573 2644 1616 non
2704 1549 2961 1617 deberet

425 1639 745 1726 postulari,
796 1639 940 1725 eligi
972 1637 1072 1705 vel
1118 1640 1371 1704 assumi.
1450 1639 1797 1706 Dilectioni
1845 1641 2033 1726 igitur
2063 1651 2268 1705 vestre
2317 1639 2582 1724 iniungo
2630 1639 2958 1719 attenciuS,

425 1730 715 1815 quatinus
763 1729 1143 1793 unanimiter
1189 1725 1488 1793 studeatis
1553 1729 1616 1792 in
1664 1726 1852 1793 alium
1912 1751 2022 1814 per
2072 1726 2449 1793 electionem
2510 1728 2641 1793 sive
2686 1725 2960 1813 postula-

427 1818 679 1882 cionem
731 1817 1103 1881 canonicam
1153 1816 1526 1894 convenire,
1587 1817 1692 1902 qui
1741 1817 1907 1881 iuxta
1957 1826 2309 1891 conventus
2356 1815 2545 1880 vestri
2595 1813 2957 1880 decenciam

425 1903 604 1969 vobis
650 1926 901 1990 preesse
949 1903 1149 1968 valeat
1198 1914 1259 1969 et
1304 1901 1628 1989 prodesse.

639 2089 655 2116 ¹
694 2080 797 2132 HS.
836 2080 953 2131 hec.
1104 2086 1124 2113 ‘2
1160 2078 1233 2130 So
1276 2078 1377 2130 HS.

636 2237 747 2290 Fol.
794 2240 889 2306 138
909 2249 937 2277 v
951 2279 961 2290 .
1037 2237 1190 2288 Nach
1229 2236 1330 2288 deu
1370 2235 1560 2288 Annal.
1601 2235 1835 2288 Colmar.
1875 2235 2000 2289 MG.
2029 2237 2117 2288 SS.
2145 2236 2314 2300 XVII,
2355 2250 2458 2288 200
2496 2235 2736 2305 predigte
2767 2234 2963 2287 Bruder

428 2326 697 2378 Eberhard
735 2327 807 2378 im
844 2325 1002 2396 jahre
1046 2323 1180 2391 1276
1218 2326 1268 2376 in
1310 2323 1464 2376 Basel
1503 2323 1595 2376 das
1634 2323 1807 2375 Kreuz
1846 2323 1952 2376 und
1990 2323 2126 2375 viele
2165 2324 2398 2375 nahmen
2438 2340 2511 2376 es,
2587 2323 2669 2375 Da
2708 2322 2792 2374 die
2826 2322 2961 2391 1276

427 2413 522 2465 auf
553 2413 674 2466 dem
714 2413 1048 2465 Konstauzer
1085 2411 1294 2481 Kapitel
1343 2412 1764 2464 ubernommene
1805 2411 2210 2480 Verpflichtung
2247 2411 2389 2463 noch
2427 2411 2570 2463 nicht
2619 2409 2795 2479 gelost
2834 2426 2961 2473 war,

429 2519 490 2553 so
531 2501 666 2554 muss
707 2501 798 2554 das
840 2501 1127 2552 Schreiben
1166 2517 1264 2552 vor
1306 2501 1438 2568 1278
1479 2499 1793 2552 entstanden
1833 2501 1961 2553 sein.

1645 2656 1744 2725 83.

638 2766 879 2831 Bruder
926 2767 1250 2831 Hermann
1310 2778 1555 2851 versagt
1611 2765 1722 2828 den
1786 2763 2157 2829 Schwestern
2214 2788 2329 2829 von
2391 2764 2475 2829 St.
2526 2764 2815 2829 Lambert
2870 2764 2965 2828 die

430 2854 762 2919 Erlaubnis
809 2857 890 2919 im
940 2855 1153 2920 Freien
1199 2877 1276 2939 {u
1322 2856 1564 2940 speisen.
1661 2850 1860 2938 (1277
1889 2853 2091 2941 -81.)

640 2960 852 3025 Frater
898 2957 1375 3047 Her(mannus)
1426 2957 1749 3023 sororibus
1799 2957 1876 3024 de
1924 2977 2143 3023 sancto
2192 2958 2562 3044 Lamperto‚
2626 2958 2731 3045 qui
2779 2957 2964 3023 stulte

431 3048 818 3133 petiverunt,
868 3046 1042 3134 quod
1087 3047 1304 3112 liceret
1352 3048 1440 3111 eis
1489 3044 1829 3111 comedere
1878 3046 1939 3110 in
1988 3046 2275 3131 gramine
2323 3047 2488 3110 iuxta
2536 3043 2963 3129 infirmariam=

430 3135 683 3214 Audivi,
732 3158 854 3221 que
903 3157 936 3198 a
984 3131 1361 3221 Conr(ado)
1411 3144 1585 3219 patre
1632 3134 1998 3219 provinciali
2046 3151 2250 3198 vestra
2298 3132 2593 3198 discretio
2643 3131 2963 3218 profundo

430 3220 684 3287 fundata
732 3219 999 3286 consilio
1046 3220 1404 3307 postulavit,
1453 3237 1762 3307 quatenus
1794 3219 1974 3285 vobis
2021 3232 2343 3305 tamquam
2389 3218 2543 3285 lucis
2589 3217 2828 3285 filiabus
2876 3220 2966 3284 in·

433 3308 686 3375 clinatas
734 3308 985 3374 umbras
1032 3307 1415 3393 fugientibus
1461 3329 1661 3393 prope
1710 3308 1921 3392 posito
1971 3308 2165 3371 muris
2213 3305 2491 3394 undique
2541 3309 2964 3393 circumsepto

432 3395 666 3476 liceret,
700 3419 846 3462 cum
880 3394 1119 3477 liberet,
1153 3393 1394 3475 sedere,
1426 3394 1757 3481 prandere,
1808 3395 2015 3475 edere,
2048 3392 2261 3459 bibere
2295 3396 2357 3459 in
2392 3392 2672 3480 pratello.
2724 3394 2789 3460 O
2823 3417 2966 3481 pru-

433 3484 651 3550 dencia
707 3482 1024 3550 laudabilis
1073 3496 1135 3550 et
1191 3484 1474 3549 inventio
1532 3480 1921 3569 predicabilis
1978 3480 2265 3547 auferens
2314 3480 2727 3568 opprobrium
2789 3480 2968 3547 femi·

432 3596 687 3654 narum,
749 3596 871 3661 que
919 3583 1214 3658 putantur
1260 3570 1488 3636 habere
1537 3569 1838 3636 industrie
1884 3572 2134 3657 parum!
2228 3568 2495 3635 Inferior
2540 3569 2721 3635 vobis
2770 3581 2969 3636 mater

430 3660 705 3727 filiorum
756 3659 1058 3741 Zebedei,
1118 3682 1239 3748 que
1296 3670 1583 3745 correpta
1638 3657 1785 3739 fuit,
1884 3659 2047 3739 uod,
2103 3655 2254 3745 quid
2299 3668 2571 3744 peteret,
2633 3658 2965 3743 ignoravit.

431 3748 738 3815 Plantavit
784 3748 1041 3836 quidem
1089 3746 1389 3813 dominus
1421 3747 1639 3813 Ihesus
1686 3681 2041 3833 paradisum
2074 3745 2413 3832 voluptatis
2460 3769 2494 3811 a
2525 3746 2856 3832 principiO,
2903 3746 2966 3811 in

433 3860 561 3924 quo
609 3838 819 3923 posuit
868 3837 1220 3916 hominem,
1269 3858 1458 3922 quem
1506 3834 1823 3915 formavit,
1873 3846 1935 3900 et
1965 3834 2185 3900 Ihesus
2232 3832 2594 3921 frequenter
2641 3835 2704 3899 in
2754 3845 2966 3900 ortum

433 3924 659 4011 legitur
718 3948 861 3991 cum
928 3922 1292 3990 amabilibus
1355 3922 1670 4009 discipulis
1741 3923 2139 3988 convenisse.
2246 3921 2531 4010 Sponsus
2588 3944 2844 4010 quoque
2903 3924 2966 3986 in
3045 3977 3048 3980 .

436 4013 692 4077 canticis
725 4011 1053 4079 descendit
1099 4010 1175 4077 ad
1224 4010 1500 4076 areolam
1535 4022 1890 4076 aromatum
1940 4008 2083 4098 lilya
2116 4008 2510 4076 collecturus
2580 4010 2721 4075 Nec
2756 4011 2965 4074 minus

436 4098 698 4166 sollicite
746 4101 874 4186 agri
923 4099 1042 4165 lilia
1100 4097 1514 4184 contemplari
1562 4096 1881 4178 iubemur,
1941 4096 2275 4185 quomodo
2325 4120 2459 4163 non
2514 4095 2796 4163 laborant
2851 4120 2969 4163 nec

435 4199 589 4254 nent
649 4200 710 4254 et
765 4199 980 4254 tamen
1037 4187 1325 4273 ampliori
1387 4210 1573 4274 quam
1637 4186 1944 4251 Salomon
2002 4185 2201 4271 gloria
2255 4187 2626 4251 vestiuntur.
2729 4186 2970 4250 Annon

434 4275 610 4341 locus
657 4274 788 4356 ille,
851 4299 1039 4363 quem
1090 4275 1331 4361 petitis,
1379 4292 1508 4339 tam
1557 4297 1818 4340 serenus
1866 4296 2053 4360 quam
2102 4296 2367 4339 amenus
2426 4271 2631 4338 future
2683 4270 2778 4359 (?)
2826 4294 2971 4358 pro·

435 4365 755 4429 missionis
820 4366 1014 4429 instar
1070 4361 1344 4441 obtinet,
1412 4385 1558 4427 cum
1621 4361 1856 4427 florum
1925 4358 2250 4426 diversitas
2315 4361 2523 4446 signat
2589 4360 2968 4426 merentium

435 4453 821 4532 varietatem,
871 4449 1035 4517 odor
1080 4448 1305 4516 blande
1355 4451 1594 4536 spirans
1641 4449 1806 4515 fame
1854 4446 2294 4528 redolentiam,
2343 4467 2550 4513 auster
2597 4447 2750 4513 levis
2797 4448 2971 4535 spiri-

434 4539 622 4606 talem
670 4541 972 4626 gratiam,
1033 4540 1337 4624 garritusl
1401 4538 1610 4604 avium
1675 4535 2133 4624 concent(um)
2194 4537 2519 4623 ymaginat
2577 4534 2969 4621 angelorum.

436 4629 568 4695 Ros
616 4627 820 4714 lapsus
856 4624 933 4694 de
980 4625 1294 4692 altissimis
1344 4623 1559 4691 colore
1608 4647 1800 4690 aureo
1849 4622 2083 4710 pendet
2115 4625 2178 4687 in
2228 4624 2533 4707 gramine,
2583 4635 2969 4702 monstranS,
