3505 5335
536 322 616 383 62
1714 338 1905 390 Briefe.
2831 340 2874 408 J.
2925 340 3071 402 1264.

537 494 769 563 pensetis
810 494 1017 546 honore
1046 502 1098 546 et
1139 494 1311 563 gloria
1341 502 1669 548 coronatam.
1728 494 1837 547 Has
1866 495 2007 547 enim
2047 496 2097 546 in
2137 504 2246 548 tam
2274 496 2730 548 excellentissimis
2769 497 3073 549 muneribus

534 598 721 650 regum
752 582 986 649 Ungarie
1026 583 1395 634 successiones
1423 581 1738 634 clarissimas
1777 583 2007 635 honorat
2034 592 2086 635 et
2112 582 2295 637 adorat
2331 584 2631 637 successiva
2668 585 2954 654 generacio
2980 627 2991 638 .
3021 627 3030 638 .
3063 627 3073 637 .

535 670 853 739 Proponitur
892 670 1107 739 insuper
1144 670 1296 722 vobis
1335 671 1516 722 matris
1557 678 1730 722 vestre
1771 670 2108 722 serenissime
2137 672 2482 724 conversacio
2523 671 2733 723 humilis
2774 680 2826 723 et
2864 670 3072 725 devota.

535 757 636 809 Die
675 756 985 809 Adressatin
1023 775 1134 810 war
1173 757 1289 810 also
1327 757 1470 811 wohl
1512 758 1630 809 eine
1657 756 1899 810 Tochter
1937 757 2031 809 der
2069 757 2302 829 Konigin
2332 759 2497 812 Maria
2535 776 2642 812 von
2681 760 2904 829 Ungarn
2946 760 3075 820 (und

537 845 758 913 Bela’s‘),
808 844 1017 897 welche
1069 846 1186 898 eine
1238 845 1535 898 besondere
1587 845 1847 898 Freundin
1897 845 1990 897 des
2030 844 2241 899 Ordens
2292 865 2420 901 war.
2505 846 2592 901 Ob
2645 847 2914 900 vielleicht
2962 848 3074 900 ihre

537 932 776 985 'sochter
803 933 1005 1003 AgneS,
1046 934 1245 986 Witvve
1285 934 1378 986 des
1405 933 1647 1004 Herzogs
1675 950 1784 986 von
1810 933 2063 998 Galizien,
2103 933 2185 986 fiir
2211 934 2419 987 welche
2446 934 2749 988 Alexander
2775 935 2867 988 IV.
2896 936 3074 1006 einige

536 1022 644 1073 Zeit
682 1022 918 1074 nachher
954 1022 1121 1089 (1264
1155 1022 1277 1091 Juni
1321 1024 1408 1090 15)
1447 1023 1602 1074 einen
1642 1020 1979 1074 Schutzbrief
2010 1022 2280 1075 ausstellt?
2355 1023 2478 1092 Vgl.
2517 1022 2737 1093 Ripolli,
2789 1023 3072 1076 Bullarium

536 1109 648 1162 ord.
688 1109 871 1162 Praed.
912 1110 951 1174 I,
991 1123 1110 1173 444.

1769 1316 1856 1386 19.

748 1442 973 1527 Agnes,
1047 1440 1295 1506 Tochter
1355 1442 1456 1506 des
1518 1441 1937 1507 verstorbenen
1985 1442 2215 1527 Kiinz‘gs
2271 1442 2455 1507 Erich
2518 1465 2634 1507 von
2691 1441 3071 1521 Danemarlc,

539 1528 820 1594 berichtet
881 1550 961 1594 an
1018 1529 1130 1594 das
1183 1527 1676 1616 Generalkapitel
1728 1528 1876 1595 iiber
1922 1530 2051 1595 ihre
2099 1529 2699 1616 Klostergriindung,
2758 1528 2923 1594 bzttet
2968 1554 3069 1594 mn

550 1604 980 1702 Ubersendung
1042 1640 1158 1682 von
1220 1615 1591 1683 Schwestern
1650 1617 1780 1682 zmd
1842 1604 2225 1682 Ubernahme
2286 1618 2449 1682 ihrer
2511 1617 2786 1704 Stzftung
2843 1619 2905 1682 in
2960 1618 3073 1682 den

543 1704 762 1790 Schutz
808 1705 908 1769 des
962 1701 1202 1770 Ordens
1250 1702 1502 1792 (1264).

751 1809 958 1876 Omni
1016 1811 1368 1875 reverentia
1414 1808 1800 1895 dignissimis
1850 1829 1912 1876 et
1960 1812 2137 1875 omni
2187 1809 2414 1877 affectu
2473 1808 2805 1896 diligendis
2854 1812 3072 1896 Agnes

539 1896 865 1985 quondam
912 1898 1074 1963 Erici
1118 1898 1283 1983 regis
1330 1897 1525 1963 Dacie
1574 1908 1767 1978 vot0,
1815 1897 2140 1964 voluntate
2191 1909 2252 1964 et
2343 1896 2695 1963 rofessione
2753 1917 2814 1964 et
2862 1897 3073 1964 habitu

539 1984 792 2050 humilis
853 1983 1070 2051 ancilla
1133 1985 1369 2051 Christi
1428 1995 1489 2050 et
1537 1984 1776 2050 ordinis
1836 1984 2066 2051 famula
2124 1984 2201 2051 ad
2248 1920 2676 2051 obedientiam
2726 1997 2786 2053 et
2833 1985 3073 2051 ordinis

540 2071 1014 2138 observancias¹
1075 2096 1142 2138 se
1189 2072 1608 2139 voluntariam
1657 2085 1721 2139 et
1770 2085 2070 2174 paratam.
2150 2074 2396 2139 Gratias
2445 2075 2710 2140 creatori
2758 2074 3071 2153 omnium,

537 2159 928 2248 redemptori
977 2160 1347 2240 hominum,
1409 2162 1842 2227 conservatori
1891 2172 2312 2228 creaturarum
2361 2163 2628 2247 potenti,
2679 2127 3071 2227 misericordi

541 2260 602 2314 et
661 2247 981 2335 benign0‚
1097 2250 1159 2313 ui
1219 2249 1282 2312 in
1343 2266 1506 2313 terra
1567 2248 1816 2315 deserta
1878 2267 1939 2314 et
2008 2250 2175 2315 invia
2236 2248 2612 2335 multiplices
2670 2250 2799 2314 vias
2866 2248 2943 2315 ad
3003 2273 3070 2314 se

539 2348 801 2402 vocatos
824 2335 1000 2402 duxit
1022 2271 1099 2402 ad
1123 2335 1327 2402 celum
1350 2355 1798 2437 preceptorum
1831 2347 1893 2402 et
1914 2336 2347 2417 consiliorum,
2374 2359 2638 2424 quarum
2664 2338 3071 2416 securiorem,

540 2424 942 2490 directiorem
992 2422 1136 2489 licet
1184 2424 1493 2490 arciorem
1541 2423 1723 2490 vobis
1771 2425 1926 2525 ipse,
1973 2425 2080 2512 qui
2130 2436 2223 2490 est
2254 2425 2372 2502 via,
2421 2423 2811 2490 manifestius
2859 2436 3070 2492 osten-

540 2511 710 2592 dere,
759 2511 1002 2598 plenius
1051 2511 1282 2577 docere
1316 2524 1378 2578 et
1425 2513 1489 2576 in
1537 2514 1729 2599 ipsius
1764 2513 2020 2578 semitas
2053 2513 2352 2578 inducere
2385 2510 2676 2597 dignatus
2725 2528 2820 2579 est
2848 2512 3073 2596 Jhesus

541 2600 848 2682 ChristuS,
898 2610 985 2681 ut,
1032 2600 1138 2687 qui
1168 2611 1432 2666 vocatos
1466 2598 1541 2666 ad
1575 2622 1642 2665 se
1675 2599 2022 2666 accelerare
2055 2611 2300 2681 monet,
2334 2599 2784 2666 acceleratores
2817 2623 3071 2689 quoque

539 2687 734 2768 daret,
783 2710 1057 2775 quorum
1092 2688 1360 2754 consilio
1409 2687 1748 2755 evaderent
1789 2688 2081 2775 pericula,
2130 2690 2399 2754 vitarent
2431 2686 2778 2775 dispendia,
2827 2688 2904 2755 ad
2944 2690 3070 2755 vite

540 2776 822 2843 bravium
855 2774 1242 2842 festinarent.
1290 2775 1392 2841 Sic
1415 2794 1508 2841 est
1530 2775 1692 2842 ordo
1716 2795 1927 2843 vester
1951 2776 2114 2842 fama
2142 2778 2367 2857 suaviS,
2403 2777 2710 2862 opinione
2780 2775 3070 2856 reclarus,

537 2864 846 2950 religione
879 2865 1233 2950 precipuu3,
1283 2865 1453 2947 cujus
1501 2887 1644 2929 cum
1695 2887 1807 2951 per
1852 2866 2047 2930 totius
2093 2863 2314 2930 mundi
2363 2875 2567 2950 partes
2614 2887 2680 2929 se
2730 2799 3072 2929 dilataverit

539 2951 842 3038 splendor
890 2963 953 3017 et
998 2975 1111 3018 sue
1170 2950 1442 3017 odorem
1490 2952 1726 3018 noticie
1774 2953 2067 3038 sparserit
2111 2951 2341 3039 ubique
2387 2970 2724 3031 terrarum,
2787 2974 2905 3017 nec
2952 2951 3071 3016 hos

538 3038 728 3105 latere
775 3040 1002 3125 potuit,
1050 3062 1212 3126 quos
1261 3038 1374 3105 celi
1424 3051 1485 3106 et
1532 3038 1701 3105 orbis
1749 3039 1930 3127 plaga
1981 3039 2268 3125 frigidior
2315 3050 2377 3105 et
2423 3038 2706 3125 possidet
2752 3039 3070 3104 remocius

538 3127 721 3193 clima
785 3126 1027 3193 mundi.
1121 3127 1230 3192 Set
1294 3139 1356 3193 et
1410 3126 1488 3193 ad
1548 3151 1669 3193 nos
1732 3151 1987 3215 quoque
2047 3128 2302 3213 spiravit
2363 3127 2554 3193 vestri
2611 3125 2852 3192 ordinis
2910 3126 3073 3192 odor

538 3214 781 3281 dulciS.
934 3215 1072 3301 Ego
1121 3216 1310 3301 igitur
1358 3214 1767 3282 considerans
1815 3238 1987 3281 sacre
2034 3228 2241 3281 vestre
2288 3214 2612 3300 religionis
2663 3214 2955 3301 exemplo
2996 3213 3073 3280 ad

538 3303 743 3369 celum
775 3302 1066 3369 festinare
1099 3303 1307 3404 plures
1340 3302 1585 3369 nobiles
1620 3314 1681 3369 et
1713 3302 2046 3389 ignobileS‚
2094 3326 2279 3368 senes
2314 3314 2375 3369 et
2406 3324 2556 3402 parv
2543 3301 2721 3383 ulos,
2769 3324 3071 3402 pauperes

540 3402 600 3457 et
657 3403 953 3477 potentes
1002 3393 1139 3478 cepi
1200 3409 1261 3457 et
1317 3404 1533 3457 mente
1583 3444 1596 3456 .
1635 3444 1648 3457 .
1686 3444 1699 3456 .
1751 3389 2077 3457 cottidiani
2134 3389 2390 3477 periculi
2437 3390 2669 3456 timore
2718 3402 2780 3455 et
2825 3391 3074 3455 incerti-

537 3478 771 3545 tudinis
803 3480 929 3546 vite
977 3481 1323 3565 perterrita,
1371 3502 1589 3545 amore
1622 3497 1831 3545 vestre
1863 3478 2187 3564 religionis
2233 3477 2452 3545 affecta
2486 3490 2549 3544 et
2594 3500 2743 3543 sane
2784 3476 3071 3543 doctrine

538 3566 927 3653 perfectione
976 3566 1222 3646 edocta,
1273 3567 1439 3632 hunc
1488 3565 1780 3632 ordinem
1831 3589 1940 3653 pre
1991 3567 2212 3632 ceteris
2262 3565 2512 3651 eligere,
2560 3567 2626 3630 in
2673 3588 2800 3653 quo
2849 3564 3070 3651 religio

538 3654 696 3720 flore
717 3655 1066 3734 venustior,
1098 3652 1268 3719 zelus
1301 3655 1472 3739 viget
1505 3655 1757 3735 rectior,
1794 3653 2064 3720 devocio
2097 3652 2298 3719 fervet
2328 3652 2661 3719 ardencior
2693 3664 2754 3718 et
2780 3654 3070 3718 omnium

538 3744 839 3807 virtutum
876 3743 1056 3827 copia
1103 3742 1420 3807 invenitur
1451 3741 1835 3830 aliarumque
1883 3742 2264 3826 religionum
2299 3742 2616 3807 invenitur
2649 3741 2973 3827 speculum
3011 3761 3070 3806 et

541 3828 877 3915 exemplar.
927 3830 1114 3894 Hunc
1149 3830 1354 3914 cupivi
1388 3828 1737 3909 ardenciuS,
1773 3828 1878 3895 dili
1927 3852 1967 3894 o
1995 3828 2115 3894 dev
2121 3830 2318 3910 ociuS,
2352 3827 2574 3895 fortius
2610 3840 2670 3894 et
2704 3827 3071 3915 amplector

542 3917 826 4003 Cepique
858 3915 1111 4003 prodire
1144 3928 1349 3996 tenuS,
1398 3916 1605 3982 donec
1639 3916 1893 3983 deturu
1917 3929 2032 3996 tra,
2078 3915 2585 4003 desideriumque
2619 3939 2837 3982 meum
2872 3915 3070 3981 celare

540 4028 672 4070 non
720 4004 934 4070 valens
997 4016 1221 4070 votum
1268 4006 1418 4071 vovi
1474 4006 1537 4070 in
1600 4027 1825 4070 manus
1887 4003 2093 4070 dilecti
2152 4005 2341 4090 patris
2403 4005 2628 4091 prioris
2675 4002 3073 4104 provincialis

540 4093 735 4158 Dacie
766 4090 917 4158 illud
952 4092 1247 4158 emittens
1280 4115 1385 4157 me
1417 4104 1724 4179 perpetuo
1760 4091 2027 4158 domino
2060 4093 2432 4158 servituram
2464 4091 2578 4157 sub
2609 4093 2802 4158 vestri
2834 4090 3072 4157 ordinis

540 4179 882 4267 disciplina.
975 4180 1306 4266 Assumpsi
1355 4204 1433 4245 ue
1492 4178 1810 4260 habitum,
1871 4179 2117 4268 qualem
2178 4179 2461 4265 ejusdem
2518 4179 2757 4245 ordinis
2817 4201 3071 4244 sorores

538 4280 792 4368 portare
827 4266 1035 4348 didici,
1083 4266 1336 4333 domice
1362 4265 1448 4333 las
1482 4266 1784 4355 quasdam
1830 4291 2086 4333 mecum
2119 4291 2468 4349 assumenS,
2559 4290 2782 4332 uarum
2829 4265 2905 4332 ad
2947 4266 3071 4331 hoc

540 4358 744 4441 ipsum
792 4357 1109 4455 tetigerat
1116 4356 1292 4421 Deus
1342 4355 1553 4435 corda,
1602 4354 1829 4422 dotans
1876 4354 2090 4421 locum
2126 4354 2371 4421 claustri
2422 4291 2753 4421 e'diffiicandi
2801 4353 2878 4419 ad
2913 4376 3073 4440 opus

539 4443 708 4509 istud
755 4442 939 4508 bonis
988 4444 1146 4508 meis
1192 4442 1729 4529 patrimonialibus
1788 4442 2116 4524 omnibuS,
2175 4466 2296 4530 que
2344 4466 2448 4508 me
2503 4444 2634 4529 jure
2693 4441 3072 4508 hereditario

541 4533 956 4618 contingunt,
1006 4532 1069 4595 in
1119 4554 1246 4631 quo
1296 4543 1358 4597 et
1405 4530 1704 4610 dominO,
1754 4529 2064 4630 quamdiu
2102 4532 2342 4611 vixere,
2389 4530 2503 4596 sub
2553 4529 2792 4596 ordinis
2840 4529 3073 4610 habitu,

541 4617 930 4701 obediencia,
978 4620 1377 4705 protectione
1412 4630 1472 4686 et
1507 4642 1649 4685 cura
1683 4619 1829 4685 Deo
1853 4624 1874 4662 1
1907 4619 2140 4685 servire
2178 4641 2499 4705 propono,
2535 4620 2871 4684 obsecrans
2903 4618 3069 4703 piam
