3505 5335
527 347 610 409 60
1707 360 1896 414 Briefe.
2825 358 2869 428 J.
2914 375 2931 409 1
2946 358 3061 411 264.

528 518 751 584 orbem
802 518 1157 598 illustravit,
1216 531 1285 585 ut
1331 542 1578 607 queque
1633 542 1792 604 gens
1841 530 1903 585 et
1962 519 2144 585 nacio
2201 515 2483 584 fidelium
2532 516 2827 582 ductores
2883 516 3063 603 hujus

531 606 696 672 exilii
764 618 1096 694 patresque
1144 608 1275 672 sani
1343 606 1589 672 consilii
1645 606 1865 672 fratres
1926 607 2119 673 vestri
2180 606 2336 673 sacri
2396 604 2644 689 collegii
2706 603 2936 670 habere
2996 627 3064 669 se

528 693 798 779 gaudeat
844 694 945 761 vel
992 706 1270 781 exoptet,
1318 694 1777 781 postulavimus
1821 696 1884 759 in
1917 695 2140 761 vestris
2175 692 2455 780 capitulis
2502 704 2632 758 tam
2671 690 3065 778 generalibus

530 805 718 869 quam
765 782 1250 869 provincialibus
1299 783 1532 848 nostris
1579 783 1798 848 litteris
1847 781 2117 848 domum
2162 783 2351 848 vestri
2417 779 2656 847 ordinis
2702 779 2887 845 nobis
2936 779 3065 845 dari

530 871 593 934 in
642 869 922 937 districtu
973 872 1175 936 nostri
1224 869 1491 937 dominii
1549 869 2007 950 collocandam,
2065 893 2183 936 nec
2243 868 2446 935 adhuc
2491 867 2724 934 fuimus
2773 866 3063 934 exauditi.

528 957 739 1024 Tedio
760 969 975 1024 tamen
997 976 1169 1025 tante
1195 957 1519 1025 dilacionis
1541 958 1745 1024 affecti
1768 959 1869 1045 pie
1891 957 2302 1038 devotioniS‚¹
2325 980 2512 1044 quam
2534 956 2611 1022 ad
2633 979 2749 1022 vos
2766 957 3063 1042 gerimuS‚

531 1047 797 1111 minime
843 1045 1100 1132 fatigati,
1150 1048 1309 1112 sicut
1356 1047 1723 1133 petivimuS,
1787 1070 1955 1112 nunc
2003 1068 2257 1132 quoque
2314 1046 2616 1131 petimu5‚
2679 1055 2748 1110 ut
2795 1043 3064 1110 domum

530 1132 715 1198 nobis
763 1133 964 1199 velitis
1013 1134 1368 1201 concedere
1416 1133 1816 1221 postulatam,
1881 1156 2069 1222 quam
2118 1134 2538 1219 proponimus
2585 1134 2648 1198 in
2695 1143 3065 1197 nostrorum

531 1222 977 1287 remissionem
1048 1223 1488 1309 peccaminum
1560 1234 2047 1310 vestrorumque
2127 1221 2681 1308 participacionem
2745 1218 3063 1285 bonorum

530 1308 608 1375 ad
634 1309 758 1374 Dei
788 1308 1057 1395 gloriam
1095 1333 1501 1397 promovere.
1550 1310 1713 1376 Sane
1746 1311 1910 1376 inter
1943 1321 2168 1389 cetera,
2203 1332 2325 1395 que
2359 1319 2644 1374 nostram
2677 1308 3064 1394 peticionem

532 1395 810 1462 exaudiri
858 1396 1252 1478 distulerunt,
1299 1398 1751 1479 intelleximus,
1818 1396 1991 1486 quod
2034 1396 2254 1462 fratres
2301 1395 2382 1462 de
2428 1396 2750 1483 provincia
2798 1394 3065 1460 Polonie

530 1486 719 1550 vestri
770 1483 1009 1551 ordinis
1058 1485 1322 1552 eosdem
1383 1487 1694 1552 terminos
1741 1487 1944 1551 nostri
1992 1484 2291 1565 dominii,
2352 1507 2431 1550 eo
2481 1482 2654 1571 quod
2702 1482 2780 1549 de
2829 1481 3066 1549 diocesi

533 1573 924 1660 Camynensi
971 1575 1115 1653 sint,
1165 1573 1268 1639 ubi
1316 1572 1656 1663 dom(um)
1706 1572 1956 1652 habent,
2006 1571 2303 1660 quodque
2353 1572 2503 1637 olim
2538 1571 2742 1638 Sclaui
2790 1570 3064 1659 quidam,

534 1683 667 1726 non
714 1660 977 1742 Poloni,
1036 1663 1206 1748 prius
1256 1664 1442 1728 etiam
1493 1685 1682 1749 quarn
1742 1673 1951 1727 vester
2007 1659 2168 1726 ordo
2225 1660 2441 1740 fuerit,
2509 1659 2770 1726 eosdem
2832 1657 3069 1724 inhabi-

529 1749 819 1830 taverint,
868 1750 1152 1816 nituntur
1183 1772 1299 1836 pro
1334 1773 1443 1815 sua
1475 1751 1800 1836 provincia
1833 1771 2164 1836 occupare.
2220 1748 2421 1835 Super
2454 1771 2581 1836 quo
2615 1749 2773 1813 scire
2807 1745 3065 1825 debetis,

532 1835 704 1923 quod
750 1838 814 1901 in
865 1837 1103 1903 eisdem
1163 1839 1449 1904 terminis
1499 1861 1611 1903 eos
1659 1839 1968 1904 sustinere
2015 1860 2133 1902 nec
2181 1836 2478 1903 volumus
2537 1859 2655 1903 nec
2703 1858 3066 1922 possumu5‚

533 1925 721 1990 etiam
770 1926 822 1989 si
870 1924 1139 1991 domum
1186 1925 1263 1991 ad
1310 1927 1703 2012 provinciam
1751 1925 2121 1991 Teuthonie
2168 1926 2592 2011 pertinentem
2641 1923 2847 2003 nobiS,
2895 1920 3069 2010 quod

531 2011 708 2093 absit,
759 2012 1152 2079 omnimodis
1202 2015 1537 2100 negaretis
1631 2015 1857 2079 Posset
1905 2015 2075 2079 enim
2124 2013 2395 2098 posteris
2429 2013 2662 2078 nostris
2709 2034 2743 2076 a
2790 2009 3068 2076 dominis

531 2100 799 2165 Polonie
847 2101 962 2166 hac
1027 2102 1365 2168 occasione
1413 2124 1601 2188 super
1658 2100 1899 2167 eisdem
1954 2102 2277 2181 terminis,
2341 2123 2501 2187 quos
2549 2099 2739 2186 pleno
2799 2099 2932 2163 iure
2989 2096 3067 2162 de

532 2211 724 2253 manu
772 2189 1019 2274 imperii
1079 2189 1513 2276 possidemuS,
1577 2191 1826 2276 questio
1874 2190 2182 2275 generari.
2277 2188 2480 2254 Parati
2528 2211 2745 2253 sumus
2804 2184 3067 2252 nichilo-

531 2276 741 2341 minus
788 2275 1007 2342 fratres
1041 2289 1435 2343 memoratos
1482 2279 1545 2342 in
1579 2278 1886 2357 termini8‚
1936 2299 2097 2363 quos
2147 2277 2308 2342 circa
2340 2274 2677 2341 Poloniam
2725 2276 2847 2361 jam
2882 2273 3067 2339 habe-

534 2387 696 2458 mus,
744 2364 843 2430 vel
888 2363 1152 2431 habituri
1199 2389 1414 2431 sumus
1463 2367 1527 2430 in
1561 2383 1914 2452 posterum,
1963 2387 2106 2430 cum
2143 2387 2175 2428 a
2223 2362 2407 2429 nobis
2444 2364 2862 2450 requisierint,
2910 2362 3069 2427 sicut

533 2456 750 2516 tratres
799 2465 860 2517 et
908 2464 1115 2539 patres
1164 2454 1528 2519 karissimos
1576 2475 1981 2540 promovere.

754 2634 767 2663 ¹
808 2628 879 2680 So
919 2628 1022 2682 HS.

746 2786 856 2839 Fol.
888 2785 966 2852 26,
1008 2786 1100 2839 Nn
1131 2802 1212 2854 25.
1271 2786 1555 2839 Bittsteller
1593 2788 1674 2852 ist,
1715 2788 1819 2838 wie
1859 2804 1951 2838 aus
1991 2786 2083 2838 der
2124 2785 2251 2853 folg.
2281 2786 2372 2837 Nr.
2402 2785 2515 2837 sich
2542 2785 2763 2854 ergiebt‚
2803 2782 3077 2854 Markgraf

533 2875 744 2944 Johann
782 2875 888 2927 und
927 2892 1068 2927 zwar
1092 2875 1303 2944 Johann
1330 2876 1368 2928 Ι.
1397 2873 1774 2942 (1220-1266
1801 2874 1951 2945 April
1976 2875 2052 2942 4),
2092 2874 2158 2926 da
2195 2891 2286 2925 um
2320 2886 2453 2941 1274
2490 2872 2573 2925 die
2614 2874 2870 2941 jungerem
2897 2871 3068 2924 Mark-

534 2962 721 3032 grafen
760 2963 844 3015 bei
883 2963 1232 3032 Erneuerung
1269 2963 1361 3015 der
1400 2963 1536 3015 Bitte
1576 2962 1724 3014 ihren
1764 2962 1928 3015 Vater
1976 2962 2051 3014 als
2092 2962 2404 3014 verstorben
2443 2960 2784 3013 bezeichnen.
2861 2960 2947 3012 Sie
2986 2976 3067 3012 er·

534 3051 767 3103 wahnen
804 3050 1114 3103 mehrfache
1140 3050 1485 3120 Bittgesuche
1507 3050 1746 3120 Johanns
1774 3067 1840 3102 an
1868 3049 1959 3102 das
1987 3048 2431 3118 Generalkapitel.
2479 3047 2592 3100 Aus
2620 3047 2836 3116 obigem
2868 3047 3070 3116 ergiebt

535 3139 648 3190 sich
686 3139 769 3191 die
807 3139 1146 3208 Richtigkeit.
1222 3138 1344 3209 Vgl.
1386 3147 1565 3191 unten.
1640 3138 1805 3190 Diese
1844 3137 2107 3190 Nummer
2155 3142 2296 3206 tragt
2335 3136 2418 3189 die
2458 3126 2813 3189 Uberschrift:
2864 3135 3064 3187 Peticio

535 3226 820 3280 domorum
861 3237 911 3280 et
950 3227 1301 3297 r(esponsio).

757 3491 1252 3580 Ordensgeneral
1311 3492 1613 3573 Iohannes
1673 3382 2006 3577 verlsssricht
2068 3489 2200 3553 dem
2248 3486 2663 3573 Markgrafen
2726 3486 2963 3567 Johann
3019 3485 3068 3550 I.

535 3603 652 3645 von
683 3580 1151 3666 Brandenburg,
1200 3579 1468 3645 mehrere
1513 3578 1755 3645 Briider
1801 3580 1910 3643 mit
1954 3578 2060 3642 der
2100 3576 2447 3661 Griindung
2495 3578 2650 3640 eines
2696 3573 2962 3639 Klosters
3008 3575 3070 3637 in

535 3671 755 3733 seinem
808 3667 1016 3733 Gebiet
1059 3691 1138 3753 zu
1189 3665 1611 3755 beauftragen.
1706 3663 1916 3753 (Paris
1965 3666 2132 3748 1264
2180 3664 2374 3752 Iuni.)

747 3771 974 3838 Illustri
1041 3772 1304 3858 principi
1363 3770 1762 3857 dominoque
1820 3793 1922 3835 ma
1971 3768 2164 3835 nifico
2224 3768 2502 3853 Johanni
2546 3768 2669 3833 Dei
2731 3766 3072 3832 clemencia

539 3859 891 3925 marchioni
938 3858 1531 3944 Brandenburgensi
1607 3857 1796 3925 frater
1839 3793 2236 3945 Joffhannes)
2286 3879 2398 3943 per
2455 3855 2727 3921 divinam
2807 3855 3069 3940 gratiam

539 3946 809 4033 gloriam
859 3948 1164 4036 consequi
1220 3948 1648 4033 sempiteram.
1740 3946 2039 4012 Recitatis
2095 3945 2160 4009 in
2207 3962 2350 4011 cetu
2396 3941 2655 4009 fratrum
2703 3954 3073 4009 nostrorum

540 4035 878 4122 capitulum
902 4034 1350 4101 celebrantium
1382 4034 1863 4121 magnificencie
1884 4044 2092 4100 vestre
2117 4031 2359 4113 litteris,
2393 4033 2455 4096 in
2491 4029 2713 4119 quibus
2740 4028 3072 4118 dom(um)

539 4125 741 4190 nostri
789 4123 1028 4189 ordinis
1075 4125 1137 4188 in
1172 4124 1362 4190 vestri
1411 4122 1678 4189 dominii
1724 4121 2012 4187 terminis
2061 4121 2387 4206 petivistiS,
2437 4117 2751 4207 cun(c)tis
2798 4116 3074 4183 assiden-

538 4211 702 4278 tibus
734 4224 941 4278 vestre
976 4211 1346 4277 devocionis
1381 4211 1683 4277 instancia
1709 4207 2158 4295 complacebat,
2194 4208 2350 4273 mihi
2376 4229 2631 4295 quoque
2659 4230 2735 4272 ex
2767 4206 3071 4291 imposito

539 4302 789 4367 noviter
819 4298 1035 4366 officio
1083 4300 1371 4386 angustia
1402 4299 1736 4385 suspiranti
1784 4296 1993 4383 gaudii
2039 4295 2370 4383 spiritualis
2416 4294 2591 4361 iubar
2637 4293 2854 4374 illuxit,
2902 4291 3074 4381 quod

538 4411 686 4469 VOS,
749 4389 855 4477 qui
917 4389 1150 4454 terreni
1214 4387 1504 4453 culminis
1570 4384 1934 4452 excellentia
1999 4386 2086 4450 sic
2144 4383 2418 4464 floreti3‚
2485 4381 2934 4448 nichilominus
2998 4379 3077 4445 ad

540 4476 1023 4563 ampliacionem
1074 4475 1267 4542 divini
1301 4474 1502 4541 cultus
1549 4476 1613 4539 in
1659 4484 1822 4539 terra
1853 4491 2059 4540 vestra
2151 4470 2434 4538 uerendo
2470 4482 2532 4537 et
2579 4467 2906 4557 sapiendo,
2954 4491 3075 4556 que

541 4564 665 4630 Dei
709 4575 890 4645 sunt,
958 4587 1069 4651 per
1123 4562 1455 4630 salutarem
1516 4560 1872 4628 doctrinam
1926 4573 2057 4627 tam
2140 4570 2513 4646 requenter,
2575 4570 2704 4625 tam
2760 4556 3077 4624 ferventer

540 4671 796 4739 tamque
830 4652 1266 4738 sollempniter
1314 4649 1636 4716 anhelatis,
1706 4649 1784 4716 Et
1818 4672 1965 4714 ecce
1997 4647 2329 4715 vobiscum
2363 4666 2425 4713 et
2472 4669 2588 4733 pro
2621 4644 2801 4712 vobis
2835 4643 3077 4710 diversa
