3505 5335
589 315 672 380 80
1763 329 1951 384 Briefe.
2885 332 2929 400 J.
2975 346 3124 398 1272.

1805 485 1909 554 46.

804 608 1295 697 Ordensgeneral
1355 608 1715 764 (Iohannez
1770 618 1970 677 triistet
2029 610 2140 674 den
2204 632 2317 675 neu
2369 611 2713 697 gewlihlten
2766 612 3128 715 Provinzfal

595 694 806 763 Ulrich
852 698 981 763 und
1017 698 1299 785 gewiihrt
1346 698 1469 763 ihm
1516 699 1627 764 das
1712 699 1954 784 rivileg,
2004 697 2148 785 dass
2195 721 2260 763 er
2303 698 2604 763 wdhrend
2644 701 2832 764 seines
2866 700 3122 765 Provzn-

582 785 838 871 {ialates
882 788 1084 851 seinen
1130 786 1514 852 Beichtvater
1543 789 1683 874 srei
1723 786 1970 853 wiihlen
2015 784 2198 851 kann.
2295 783 2550 876 (1272.)

795 892 1097 977 Magister
1171 890 1619 957 confirmatum
1709 909 2029 958 exortatur
2103 891 2389 958 Ulricum
2462 890 2936 979 provincialem.
3052 894 3122 959 In

585 979 842 1045 Christo
893 990 1009 1045 etc.
1078 980 1321 1045 Vestris
1368 979 1655 1066 precibus
1704 980 1899 1046 michi
1931 980 2280 1067 vestrisque
2328 979 2549 1046 litteris
2595 981 2897 1047 intimatis
2946 1003 3122 1047 com-

500 1146 508 1155 ·
582 1068 878 1153 passione
909 1085 1238 1154 permotus
1265 1069 1628 1134 annuissem
1653 1066 1981 1148 libencius,
2014 1068 2065 1133 si
2091 1066 2438 1134 commode
2462 1069 2837 1154 potuissem.
2879 1070 3120 1136 Verum

583 1155 885 1242 quoniam
921 1156 1122 1241 magis
1156 1153 1569 1221 deferendum
1603 1167 1698 1222 est
1732 1156 2119 1222 universitati
2150 1179 2339 1243 quam
2375 1157 2483 1221 uni
2516 1167 2580 1222 et
2609 1155 2854 1243 publica
2896 1155 3122 1223 utilitas

581 1241 955 1342 preferenda
995 1244 1255 1330 private,
1305 1242 1405 1309 ubi
1440 1244 1504 1308 in
1551 1242 1795 1330 publica
1827 1244 2064 1330 privata
2111 1245 2394 1310 noscitur
2427 1245 2759 1325 contineri,
2809 1267 2972 1311 onus
3008 1244 3119 1310 sibi

582 1332 954 1417 impositum
988 1342 1192 1397 vestra
1238 1329 1394 1397 ferat
1426 1330 1681 1398 dilectio
1714 1333 2053 1419 pacienter.
2126 1329 2226 1397 Ad
2258 1332 2899 1421 prosequ(u)tionem
2934 1334 3124 1418 igitur

582 1420 842 1505 injuncti
889 1418 1069 1485 vobis
1117 1417 1310 1485 officii
1357 1442 1474 1484 vos
1521 1419 1778 1486 viriliter
1824 1420 2195 1506 accingatis!
2290 1419 2490 1507 Spero
2541 1422 2736 1501 enim,
2783 1419 2956 1508 quod
3003 1443 3121 1486 vos

582 1529 807 1571 manus
877 1505 1124 1572 domini
1183 1506 1592 1589 confortabit,
1658 1509 1765 1596 qui
1821 1530 1939 1574 vos
2006 1506 2084 1573 ad
2147 1505 2561 1574 excolendam
2627 1531 2806 1573 suam
2869 1509 3120 1574 unicam

581 1605 898 1660 rectorem
955 1596 1167 1681 posuit
1214 1605 1276 1660 et
1323 1594 1675 1662 custodem.
1774 1596 1909 1682 Ego
1957 1618 2213 1683 quoque
2272 1618 2389 1682 pro
2438 1619 2580 1661 mea
2637 1594 2895 1661 modula
2941 1595 3122 1662 vobis

580 1704 878 1769 propono
926 1684 1212 1748 assistere
1245 1681 1578 1764 indefesse,
1628 1696 1688 1750 et
1720 1706 1804 1749 ne
1852 1682 2181 1750 deterioris
2228 1682 2626 1750 condicionis
2673 1684 2738 1748 in
2785 1695 2948 1750 statu
2984 1707 3122 1771 pre-

580 1770 843 1836 lacionis
900 1794 1089 1858 quam
1147 1770 1553 1857 subjectionis
1599 1795 1717 1837 vos
1777 1794 1914 1838 esse
1973 1773 2335 1857 contingat,
2398 1769 2672 1858 eligendi
2729 1771 2911 1838 vobis
2970 1794 3122 1838 con-

581 1857 855 1924 fessores
910 1860 1079 1945 juxta
1134 1870 1340 1925 vestre
1401 1858 1862 1945 beneplacitum
1918 1859 2288 1940 voluntatiS,
2361 1858 2661 1946 quamdiu
2722 1858 3123 1946 provincialis

579 1945 835 2027 fueritiS,
886 1944 1175 2012 concedo
1223 1958 1449 2013 tenore
1494 1948 1896 2033 presencium
1943 1959 2346 2035 potestatem.
2444 1948 2767 2015 Ceterum.

1799 2294 1899 2365 47.

791 2418 1147 2505 Provinzial
1194 2416 1473 2509 (Ulrich)
1521 2420 1648 2485 teilt
1693 2422 1914 2484 seinem
1963 2420 2260 2500 Freunde,
2308 2420 2441 2485 dem
2488 2420 2767 2507 Bischofe
2801 2416 3120 2505 (Albertus

578 2507 877 2593 Magnus)
924 2510 1082 2573 scine
1138 2508 1227 2572 W
1221 2507 1330 2573 ahl
1374 2510 1483 2572 mit
1529 2508 1657 2572 und
1700 2507 1867 2572 bittet
1912 2531 2014 2572 um
2060 2510 2217 2572 scine
2274 2508 2766 2594 Unterstzitzung.
2863 2503 3115 2594 (1272.)

789 2612 1197 2681 Provincialis
1231 2612 1644 2680 confirmatus
1671 2614 1976 2701 episcopo
2011 2611 2252 2680 ordinis
2286 2624 2348 2680 et
2379 2614 2607 2680 amice.
2667 2612 2821 2680 Leta
2853 2610 3119 2678 libenter

578 2700 918 2768 scriberem
982 2703 1389 2768 serenissimo
1450 2700 1748 2782 domino,
1814 2724 2004 2789 quem
2065 2701 2268 2768 leticia
2324 2701 2682 2768 habundare
2738 2703 2957 2787 cupi0,
3023 2711 3118 2766 set

576 2788 945 2855 habundans
976 2790 1040 2854 in
1075 2813 1179 2855 me
1230 2790 1485 2856 tristicia
1516 2791 1845 2856 materiam
1878 2788 2312 2876 pessumdaret
2343 2788 2742 2876 gaudiorum.
2803 2788 3117 2855 Berichtet

576 2877 730 2944 fiber
760 2879 936 2943 seine
963 2876 1174 2943 Wahl.
1211 2930 1224 2943 .
1264 2930 1277 2942 .
1326 2878 1496 2943 Inter
1529 2877 1645 2944 hec
1672 2900 1826 2943 cum
1861 2878 2207 2964 aspicerem
2239 2876 2317 2943 ad
2362 2876 2741 2964 adjutorium
2777 2877 3113 2942 hominum

578 2977 642 3032 et
696 2988 830 3030 non
896 2977 1093 3046 esset,
1154 2988 1272 3032 vos
1330 2966 1639 3052 respicere
1694 2966 1899 3052 jussus
1957 2988 2099 3031 sum
2154 2984 2478 3053 tamquam
2535 2964 2869 3031 dominum
2931 2987 3120 3051 super

576 3076 750 3119 mare
797 3052 1223 3120 ambulantem
1284 3074 1345 3120 et
1395 3052 1601 3119 fluidis
1659 3052 1958 3119 omnibus
2014 3052 2531 3119 indeclinabiliter
2586 3055 3116 3140 preeminentem,

619 3143 682 3207 ui
726 3153 956 3229 potens
1004 3164 1198 3228 opere
1232 3154 1296 3209 et
1340 3165 1660 3223 sermone,
1709 3142 1981 3207 sciencia
2027 3140 2227 3222 fortis,
2278 3142 2677 3207 consciencia
2724 3140 2948 3207 fortior
2981 3164 3113 3206 non

576 3165 953 3317 dedignetur
1015 3253 1276 3296 manum
1334 3228 1677 3296 extendere
1736 3242 1799 3296 et
1860 3231 2177 3316 suscipere
2225 3252 2341 3316 pro
2401 3252 2667 3296 occursu
2724 3230 3117 3316 tempestatis

574 3317 775 3384 valide
808 3317 1204 3385 titubantem.
1256 3319 1446 3385 Certe
1467 3317 1544 3385 de
1566 3317 1747 3384 vobis
1782 3315 2130 3398 confidere,
2163 3318 2226 3382 in
2253 3316 2474 3383 umbra
2501 3316 2736 3383 alarum
2763 3328 3112 3384 vestrarum

573 3428 825 3492 sperare
872 3429 1005 3473 non
1054 3407 1248 3472 michi
1294 3430 1514 3473 recens
1562 3407 1796 3472 noticia
1829 3424 1924 3472 set
1957 3423 2138 3472 vetus
2171 3407 2473 3486 amicicia,
2522 3429 2656 3470 non
2705 3405 2858 3471 levis
2892 3405 3114 3490 opinio

574 3506 671 3561 set
714 3493 893 3561 fortis
925 3495 1095 3561 racio
1143 3505 1602 3581 persuaserunt.
1683 3494 1831 3559 Sitis
1877 3495 2065 3580 igitur
2112 3491 2334 3559 humili
2366 3492 2498 3560 filio
2546 3494 2879 3560 introitum
2928 3516 3109 3558 suum

575 3599 637 3648 et
684 3584 923 3649 exitum
969 3584 1291 3669 ignoranti
1324 3604 1538 3648 currus
1584 3582 1813 3667 pariter
1846 3594 1907 3648 et
1954 3583 2187 3667 auriga,
2235 3593 2304 3648 ut
2347 3582 2728 3648 continuatis
2776 3580 3116 3660 favoribuS,

575 3669 797 3757 quibus
845 3693 950 3736 me
997 3669 1071 3736 ab
1120 3671 1310 3757 ipsius
1360 3669 1598 3735 ordinis
1647 3668 1966 3735 cunabulis
2013 3670 2409 3757 provexistiS,
2456 3668 2750 3735 reddatur
2796 3669 3111 3755 premium

574 3758 711 3822 sine
757 3756 886 3823 fine
920 3769 982 3824 et
1028 3759 1192 3824 inter
1239 3758 1553 3842 angustias
1586 3757 1896 3824 irruentes
1944 3779 2059 3844 pro
2108 3755 2306 3824 arduo
2342 3756 2579 3824 solacio
2627 3775 2903 3823 vestram
2938 3778 3118 3823 com-

617 3862 791 3910 utare
860 3845 1101 3911 valeam
1166 3846 1496 3932 pietatem,
1561 3868 1749 3933 quam
1826 3844 2073 3911 assidue
2127 3846 2479 3932 promereri
2545 3845 2826 3912 conabor
2889 3845 3115 3910 vestris

573 3867 978 4018 beneplacitis
1010 3945 1182 4000 totus
1227 3934 1352 4019 jam
1387 3956 1463 3999 ex
1510 3934 1709 3999 ositus
1744 3944 1806 3999 et
1850 3935 2195 4020 impensus
2270 3931 2484 4000 Credo
2520 3935 2730 4014 etiam,
2779 3930 2953 4021 quod
2984 3932 3112 3997 cito

572 4019 821 4087 favente
863 4019 1131 4087 domino
1179 4044 1295 4088 vos
1327 3955 1580 4102 videEO,
1627 4044 1762 4087 non
1810 4039 1939 4087 tam
1991 4045 2067 4087 ex
2115 4019 2328 4087 debito
2376 4022 2673 4107 imposite
2721 4021 3114 4087 necessitatis

572 4132 762 4196 quam
809 4120 1040 4175 tractus
1085 4121 1292 4176 vestre
1339 4109 1628 4175 funiculis
1674 4110 1961 4175 caritatis.
2057 4108 2331 4176 Valeatis
2379 4120 2496 4175 etc.

784 4283 895 4337 Fol.
940 4300 1019 4337 11.
1077 4285 1160 4336 Da
1198 4284 1280 4337 die
1320 4285 1671 4354 Bestatigung
1709 4285 1801 4337 der
1829 4283 1988 4337 Wahl
2015 4284 2226 4337 Ulrichs
2265 4284 2579 4354 vorangeht,
2626 4300 2687 4336 so
2725 4285 2791 4336 ist
2828 4282 2978 4336 wohl
3016 4300 3114 4335 nur

573 4374 746 4426 dieser
798 4372 890 4424 der
942 4372 1220 4425 Schreiber
1270 4372 1443 4425 dieses
1494 4372 1694 4426 Briefes
1749 4373 1854 4425 und
1891 4373 2140 4425 Albertus
2183 4373 2412 4442 Magnus
2464 4371 2556 4424 der
2594 4370 2936 4441 Empfanger.
3010 4371 3112 4423 Die

571 4461 1042 4514 Ausdrucksweise
1070 4462 1351 4531 episcopus
1379 4461 1522 4514 ohne
1550 4461 1819 4530 quondam
1842 4460 1974 4514 wird
1999 4460 2147 4513 wohl
2173 4461 2293 4513 kein
2316 4459 2600 4512 Bedenken
2628 4475 2853 4529 erregen
2880 4459 3109 4512 konnen.

572 4550 674 4602 Fur
700 4549 802 4601 den
842 4547 1377 4602 freundschaftlichen
1404 4549 1644 4601 Verkehr
1670 4548 1763 4600 der
1801 4548 1988 4601 beiden
2016 4548 2308 4601 Gelehrten
2346 4548 2525 4617 liegen
2563 4548 2614 4599 in
2643 4548 2733 4601 Nr.
2771 4564 2847 4615 50,
2883 4563 2937 4616 53
2977 4564 3112 4600 usw.

578 4637 866 4706 Zeugnisse
906 4653 1016 4690 vor.
