3505 5335
592 341 622 384 Ι
641 339 671 403 5
683 323 720 385 6
1767 336 1956 389 Briete.
2884 333 2929 402 J.
2973 349 2991 385 1
3007 333 3125 403 289.

1787 523 1922 594 143.

803 652 1159 738 Provinzial
1190 648 1542 737 (Herm-ann
1606 664 1813 717 warnt
1843 674 1954 717 vor
1982 650 2342 738 Ausnahme
2371 649 2801 715 verheirateter
2832 648 3122 727 Mainner,

576 740 769 805 deren
815 740 1059 805 Frauen
1108 740 1268 805 nicht
1314 741 1406 805 ins
1453 740 1523 805 K
1540 752 1695 805 oster
1734 761 2053 827 gegangen
2097 741 2274 803 scien.
2369 734 2623 826 (1289.)

799 843 1058 911 Talibus
1103 843 1392 910 fratribus
1437 843 1859 931 provincialis,
1930 843 2244 924 Quamvis
2289 841 2474 909 nobis
2521 841 2658 908 fore
2707 840 2927 907 debeat
2960 842 3125 907 voti-

581 955 760 1012 vum,
808 944 877 999 ut
924 933 987 997 in
1020 931 1238 999 diebus
1285 934 1519 999 nostris
1550 932 1821 1019 populus
1852 932 1998 998 Deo
2047 932 2327 998 serviens
2362 950 2423 997 et
2471 931 2701 996 merito
2736 948 2798 996 et
2847 950 3117 994 numero

574 1032 907 1106 augeatur,
957 1018 1208 1107 expedit
1239 1038 1475 1101 tamen,
1523 1019 1697 1107 quod
1743 1019 1822 1086 ad
1852 1017 2179 1087 vitandum
2228 1016 2516 1085 scandala
2591 1018 2753 1085 osita
2797 1019 2966 1087 iuxta
3003 1018 3120 1083 iter

574 1108 675 1173 sic
708 1106 1047 1194 precedant
1093 1107 1383 1195 palpebre
1415 1130 1669 1195 gressus
1698 1119 1981 1187 nostros.
2030 1120 2098 1174 ut
2145 1119 2357 1174 sancta
2389 1040 2697 1172 desideria
2731 1106 2917 1172 etiam
2950 1116 3119 1170 recta

572 1194 848 1261 -consilia
894 1208 957 1263 et
1011 1196 1171 1261 iusta
1218 1218 1409 1281 opera
1457 1197 1863 1262 comitentur.
1956 1196 2121 1261 Sane
2178 1194 2255 1261 ad
2313 1218 2419 1261 me
2466 1192 2775 1281 perlatum
2831 1193 3119 1272 memini,

577 1281 761 1370 quod
818 1283 1072 1371 quidam
1128 1285 1295 1350 cives
1355 1284 1419 1348 in
1477 1284 1683 1371 Merg.
1734 1282 1832 1371 (ἒ)
1893 1336 1907 1350 .
1959 1336 1972 1348 .
2025 1289 2080 1348 ‚¹
2134 1282 2394 1349 fratrum
2448 1283 2772 1369 presencia
2829 1280 3117 1347 delectati

578 1369 796 1436 relicta
842 1372 1114 1437 vanitate
1160 1371 1353 1437 seculi
1400 1384 1625 1438 nostro
1717 1370 2018 1438 uerebant
2065 1370 2274 1437 ordini
2320 1370 2567 1452 sociari,
2616 1392 2887 1458 quorum
2923 1367 3117 1434 devo-

580 1458 832 1524 tionem
862 1458 1006 1525 licet
1039 1457 1336 1525 ducerem
1371 1482 1673 1526 commen
1720 1457 1972 1539 andam,
2020 1479 2237 1526 tamen
2269 1460 2411 1547 quia
2442 1459 2506 1524 in
2541 1458 2754 1525 multis
2787 1478 3116 1542 suppressa

580 1546 810 1612 veritas
859 1548 1093 1627 extitit„
1150 1548 1369 1634 opinio
1419 1570 1523 1613 me
1569 1545 1801 1613 fefellit.
1893 1547 2032 1614 Nec
2090 1570 2392 1635 umquam
2450 1565 2579 1613 tam
2635 1557 2897 1633 preceps
2943 1542 3116 1609 volui

580 1635 885 1715 inveniri,
951 1633 1123 1723 quod
1179 1634 1391 1700 locum
1440 1634 1768 1701 novellum
1826 1647 1889 1701 et
1935 1633 2153 1702 fratres
2210 1657 2446 1722 paucos
2493 1655 2831 1722 pravorum
2881 1633 3117 1717 impor-

578 1723 847 1789 tunitate
879 1742 1138 1789 vexatos
1184 1735 1363 1789 tanto
1396 1722 1747 1789 subicerem
1782 1721 2149 1803 discrimini,
2197 1742 2266 1789 ut
2295 1724 2467 1789 viros
2515 1723 2864 1808 reciperem
2897 1719 3114 1785 coniu-

571 1821 764 1895 gatos
812 1809 1102 1876 nondum
1135 1810 1433 1876 uxoribus
1482 1812 1545 1875 in
1591 1811 2006 1892 monasterio,
2056 1810 2397 1877 collocatis,
2464 1810 2553 1876 Ut
2586 1808 2664 1876 de
2713 1806 3113 1875 multitudine

581 1920 928 1983 puerorum
982 1910 1260 1980 taceam,
1321 1921 1481 1986 quos
1538 1897 1810 1965 tenellos
1866 1898 2087 1966 orbare
2137 1911 2199 1965 et
2255 1897 2608 1985 relinquere
2664 1899 2801 1964 sine
2857 1915 3112 1982 paterna

581 1984 978 2071 providentia
1011 1985 1257 2053 videtur
1302 1987 1554 2072 penitus
1586 1986 2029 2068 inhumanum,
2079 2011 2153 2053 ex
2187 2009 2315 2075 quo
2348 1998 2566 2074 posset
2597 1983 2900 2064 accidere,
2940 1981 3113 2071 quod

573 2074 1016 2159 provisionem
1064 2073 1138 2140 ab
1187 2072 1410 2140 ordine
1457 2093 1817 2162 poscerent,
1864 2097 1981 2161 pro
2032 2076 2205 2141 cuius
2252 2073 2605 2161 improvida
2651 2075 2881 2160 pietate
2923 2093 3112 2157 coge·

577 2172 795 2228 rentur
828 2161 1348 2228 lamentationem
1387 2161 1555 2227 illam
1601 2173 1836 2228 terere:
1884 2161 2116 2249 pupilla
2147 2186 2365 2228 sumus
2411 2160 2645 2250 absque
2692 2179 2888 2247 patre,
2936 2160 3112 2246 quasi

570 2246 766 2315 vidue
813 2262 1044 2316 matres
1091 2262 1329 2316 nostre.
1422 2249 1573 2330 Que
1618 2251 1875 2336 insuper
1919 2250 2101 2318 vobis
2147 2252 2340 2336 gratia
2389 2263 2451 2316 et
2497 2251 2634 2338 quis
2682 2249 2913 2328 honor,
2962 2270 3107 2312 cum

568 2336 896 2404 eiusmodi
956 2339 1115 2405 vites
1176 2336 1607 2404 habundantes
1670 2350 2070 2405 morarentur
2134 2338 2234 2405 vel
2295 2324 2517 2425 pocius
2581 2347 2985 2403 morerentur
3044 2335 3109 2399 in

576 2424 869 2491 lateribus
916 2424 1146 2492 domus
1191 2426 1436 2492 vestre?
1523 2425 1933 2512 Quapropter
1980 2424 2057 2492 de
2106 2428 2357 2514 propria
2402 2425 2771 2512 ignorancia
2816 2424 3107 2510 penitens

568 2523 642 2579 et
672 2510 1029 2579 facilitatem
1077 2511 1278 2580 adhuc
1309 2536 1378 2579 re
1410 2515 1654 2600 integra
1687 2515 2014 2602 corrigens
2048 2516 2519 2581 universitatem
2553 2525 2825 2580 vestram
2860 2533 3107 2576 ammo-

576 2623 736 2683 ne0,
811 2623 891 2665 ne
948 2624 1076 2689 quo
1123 2600 1414 2667 uomodo
1471 2602 1536 2666 in
1599 2603 1967 2689 receptione
2025 2604 2515 2689 coniugatorum
2581 2613 2645 2667 et
2699 2599 2844 2666 alias
2899 2599 3109 2663 minus

568 2688 821 2755 utilium
882 2624 1228 2776 procedere
1277 2688 1582 2772 debeatiS,
1646 2691 1709 2756 in
1770 2691 2022 2778 reliquis
2087 2709 2301 2757 autem
2360 2714 2477 2757 vos
2534 2692 2683 2777 ipsis
2738 2685 3107 2754 favorabiles

577 2776 866 2844 exhibete
899 2796 958 2843 et
991 2789 1298 2864 quantum
1329 2776 1531 2858 decet,
1577 2776 1721 2844 licet
1764 2790 1826 2845 et
1869 2778 2139 2865 expedit,
2186 2778 2539 2863 familiareS,
2586 2777 2794 2844 donec
2840 2773 3106 2841 feminas

567 2863 839 2930 claustra
887 2866 1255 2931 contineant
1300 2863 1708 2946 feminarum,
1771 2889 1854 2933 ne
1902 2865 2108 2932 dicam
2156 2866 2568 2933 contubernia
2612 2865 2713 2932 vel
2768 2862 3107 2930 reclusoria

568 2951 966 3038 beginarum,
1015 2971 1078 3018 et
1122 2951 1295 3040 quod
1342 2952 1545 3019 nullus
1592 2976 1939 3040 puerorum
1976 2954 2288 3022 tutoribus
2332 2953 2819 3022 testamentariis
2859 2962 3107 3017 careant

564 3040 674 3106 vel
721 3037 963 3121 dativis,
1011 3064 1045 3106 a
1090 3039 1312 3128 quibus
1343 3043 1481 3107 vice
1528 3054 1862 3127 parentum
1911 3055 2387 3129 competentem
2435 3054 2690 3130 sperent
2735 3039 3102 3105 alimoniam

564 3146 638 3195 et
682 3129 877 3195 totius
907 3128 1034 3194 vite
1065 3129 1372 3215 accipiant
1405 3152 1640 3210 curam,
1689 3129 1931 3196 nullum
1965 3143 2320 3217 respectum
2355 3130 2652 3217 deinceps
2699 3127 2777 3194 ad
2811 3126 3102 3193 ordinem

574 3215 859 3283 habituri.
931 3216 996 3281 Si
1043 3213 1191 3304 quid
1238 3216 1403 3282 aliud
1450 3230 1659 3284 actum
1693 3217 1794 3285 vel
1842 3218 2200 3285 ordinatum
2248 3217 2434 3285 fuerit
2480 3240 2590 3306 per
2638 3238 3103 3305 quemcunque,

563 3303 849 3371 decerno
898 3303 1291 3391 presentibus
1338 3306 1581 3371 irritum
1633 3316 1695 3372 et
1739 3307 1928 3373 inane
1977 3360 1990 3372 .
2044 3360 2057 3372 .
2107 3307 2166 3372 V
2171 3306 2328 3373 alete
2379 3359 2392 3371 .
2446 3359 2459 3371 .

785 3488 801 3517 ²
840 3479 1160 3532 Ausradiert.

586 3589 595 3590 a
604 3589 613 3592 j
720 3593 761 3596 -,
1146 3592 1202 3595 .—<

782 3592 1086 3691 1201]182v.

1767 3775 1906 3846 144.

782 3899 1136 3986 Ρνοῖίἰιζιάἰ
1161 3898 1542 3992 (Hermann)
1571 3915 1850 3988 gestattet
1887 3905 2008 3968 eini
2050 3927 2120 3969 en
2153 3904 2393 3969 Herren
2437 3906 2499 3968 in.
2532 3903 2768 3969 Plauen
2817 3906 2877 3968 in
2911 3903 3099 3968 ihrem

566 3988 783 4052 Hause
829 3989 921 4052 ein
970 3987 1435 4055 Frauenkloster
1480 3990 1905 4075 einzurichten.
2052 3991 2253 4057 lauen.
2348 3988 2601 4080 (1289.)

755 4092 1162 4159 Provincialis
1182 4092 1553 4181 quibusdam
1581 4095 1863 4162 dominis
1888 4094 1967 4162 de
1990 4095 2361 4163 fundatione
2386 4097 2754 4163 monasterii
2780 4118 3096 4162 sororum.

560 4181 658 4246 Ex
703 4193 877 4267 parte
910 4193 1116 4247 vestra
1164 4204 1363 4268 nuper
1409 4181 1496 4248 fui
1545 4182 1863 4250 humiliter
1907 4185 2261 4272 requisituS,
2309 4182 2483 4272 quod
2531 4206 2915 4249 consensum
3004 4206 3098 4249 re·

568 4267 805 4350 berem,
854 4288 920 4334 ut
967 4291 1078 4355 per
1123 4292 1240 4335 vos
1287 4271 1351 4336 in
1385 4283 1590 4337 vestra
1636 4270 1838 4337 domo
1885 4270 2221 4338 claustrum
2270 4295 2567 4337 sororum
2615 4272 2816 4338 nostri
2857 4294 2931 4336 or
2978 4272 3096 4336 inis

564 4354 949 4422 fundaretur.
1022 4356 1159 4442 Ego
1209 4358 1397 4510 ἱέἰωι·
1440 4370 1614 4426 tante
1648 4358 2010 4426 devotionis
2058 4362 2347 4446 princeps
2394 4358 2530 4426 fieri
2565 4360 2823 4446 cupiens
2870 4371 3096 4425 tenore

560 4445 967 4595 presencium
1017 4466 1218 4511 conce
1266 4469 1328 4526 ο,
1377 4445 1579 4533 quod,
1629 4449 1678 4512 si
1726 4447 1961 4534 placet,
2009 4449 2072 4513 in
2124 4445 2362 4534 oppido
2409 4446 2649 4528 Plawe‚
2698 4445 2796 4513 vel
2845 4446 2985 4513 alibi
3031 4447 3096 4511 in

589 4554 712 4598 oco
761 4531 839 4598 ad
884 4532 1008 4598 hoc
1041 4544 1211 4619 apt0‚
1260 4532 1490 4600 domus
1538 4533 1813 4601 edificari
1859 4537 2229 4621 procuretiS,
2277 4558 2420 4623 que,
2469 4558 2615 4601 curn
2649 4536 2737 4600 sic
2784 4533 2967 4600 fuerit
3006 4535 3096 4599 in-

552 4631 853 4700 staurata,
901 4618 1072 4708 quod
1106 4643 1361 4687 sorores
1394 4620 1476 4686 ibi
1522 4623 1769 4708 possint
1802 4646 1949 4688 cum
1982 4624 2440 4690 sustentatione
2474 4621 2680 4689 debita
2714 4622 3104 4702 conversari,
