3505 5335
397 343 451 412 J.
495 359 512 394 1
527 343 643 413 289.
1579 343 1769 398 Briefe.
2820 350 2843 393 I
2860 349 2890 413 5
2904 349 2935 414 3

402 499 796 566 inseculum
845 499 1058 581 seculi,
1106 513 1201 568 set
1247 499 1336 566 fas
1385 513 1479 568 est
1523 501 1732 568 favere
1778 501 2000 569 talibus
2048 500 2492 588 superioribus
2575 503 2940 583 Quomodo

395 588 577 655 aliter
609 587 871 655 ecclesia
903 590 1314 655 succrevisset
1355 588 1654 677 aut-ordo
1687 589 1945 678 quilibet
1977 589 2136 656 fines
2168 591 2264 656 sui
2310 591 2567 657 tentorii
2602 589 2937 673 dilatasset,

396 677 453 741 si
500 688 822 763 tamquam
852 674 1022 741 fenix
1053 678 1257 757 unica,
1306 676 1409 743 ubi
1442 679 1728 758 oriretur,
1777 676 1859 743 ibi
1894 678 2082 743 etiam
2131 689 2505 744 moreretur.
2584 679 2938 765 Apostolos

400 765 677 849 primum
709 763 1080 829 cenaculum
1126 765 1369 845 tenuit,
1395 777 1490 832 set
1523 788 1668 846 cum
1714 765 1821 831 lux
1867 763 2089 831 mundi
2135 765 2248 831 sub
2295 764 2519 832 modio
2554 765 2755 833 claudi
2801 790 2936 834 non

398 850 637 932 debuit,
685 851 750 919 in
797 863 1339 939 omnemterram
1388 875 1584 918 sonus
1632 855 1918 940 ipsorum
1966 854 2174 919 exivit.
2256 852 2682 941 Multiplicatis
2728 854 2937 943 itaque

401 962 590 1026 super
644 962 981 1005 numerum
1037 939 1359 1006 sororibus
1419 940 1749 1007 antedictis
1806 963 2039 1027 magne
2095 962 2368 1028 persone
2425 943 2936 1025 intercesserunt,

400 1045 470 1091 ut
532 1027 807 1093 sinerem
871 1027 1088 1094 locum
1155 1027 1345 1094 alium
1411 1030 1765 1110 instaurari,
1833 1027 1937 1094 ubi
1999 1040 2264 1115 possent
2322 1027 2630 1095 domino
2665 1031 2935 1118 quietius

400 1113 702 1180 famulari.
794 1116 1058 1182 Permisi
1107 1128 1170 1183 et
1216 1117 1383 1182 vices
1431 1139 1604 1183 meas
1649 1139 1837 1203 super
1882 1116 2006 1182 hoc
2057 1169 2070 1182 .
2123 1169 2137 1182 .
2185 1118 2378 1203 priori
2426 1116 2936 1185 Halberstadensi

396 1200 514 1267 sub
570 1214 738 1269 certa
792 1201 1063 1270 formula
1117 1202 1430 1290 delegavi,
1497 1206 1671 1270 cuius
1727 1202 1887 1270 fines
1944 1206 1994 1269 si
2051 1206 2346 1286 excessit,
2404 1217 2736 1293 promptus
2793 1230 2935 1273 sum

394 1291 715 1376 corrigere
729 1317 746 1372 ;
794 1303 891 1357 set
919 1313 1158 1379 pronus
1204 1314 1339 1357 non
1370 1316 1533 1373 sum,
1581 1293 1633 1357 si
1665 1291 1815 1380 quid
1861 1291 2095 1358 factum
2129 1310 2223 1358 est
2266 1291 2552 1379 provide,
2599 1294 2931 1381 inprovide

396 1400 718 1444 revocare.
809 1378 1086 1445 Proinde
1142 1380 1567 1446 sinceritatem
1628 1392 1904 1446 vestram
1960 1403 2124 1466 rogo
2182 1380 2502 1448 humiliter
2559 1394 2622 1449 et
2678 1381 2932 1464 devote,

394 1484 706 1552 quatenus
772 1466 926 1532 mihi
990 1466 1184 1533 nichil
1247 1467 1567 1555 imputetis
1614 1467 1808 1548 aliud,
1874 1468 1992 1533 nisi
2058 1467 2230 1555 quod
2287 1480 2382 1535 est
2439 1467 2799 1537 ordinatum
2856 1469 2934 1536 ad

398 1553 717 1619 honorem
766 1556 887 1619 Dei
934 1573 997 1620 et
1042 1552 1397 1640 profectum
1446 1554 1686 1621 ordinis
1702 1582 1718 1637 ;
1779 1556 2107 1641 reputetiS,
2156 1557 2297 1643 quia
2346 1558 2693 1624 certissime
2741 1557 2937 1624 multa

398 1643 524 1726 pati
570 1640 983 1708 incommoda
1015 1643 1236 1728 pocius
1271 1642 1591 1728 eligerem,
1640 1666 1829 1730 quam
1864 1641 2272 1709 dilectionem
2306 1664 2580 1710 vestram
2628 1646 2692 1710 in
2724 1645 2932 1733 aliquo

396 1729 851 1813 perturbarem.
947 1730 1181 1795 Datum
1231 1743 1348 1797 ete.

2639 1904 2656 1928 l

612 1937 724 1991 Fol.
760 1954 871 2009 179,
946 1939 1070 2008 Vgl.
1098 1940 1190 1993 Nr.
1238 1939 1349 2004 146.

1604 2130 1741 2199 140.

470 2336 473 2337 γ
609 2272 967 2358 Provinzial
1028 2269 1408 2362 (Hermann)
1464 2272 1665 2337 sendet
1730 2275 1918 2338 einem
1977 2273 2156 2339 Prior
2219 2276 2387 2338 einen
2450 2275 2933 2361 strafwilrdigen

394 2356 869 2535 ρηέεηῦὸηιαέν
913 2361 1042 2424 und
1083 2361 1246 2426 stellt
1290 2361 1414 2425 ihm
1461 2360 1767 2425 Auswahl
1819 2383 1937 2425 von
1984 2361 2117 2426 drei
2160 2362 2742 2448 Bestrafungsarten
2776 2365 2929 2449 frei.

433 2465 509 2511 12
558 2467 619 2530 9.
2001 2496 2006 2499 -

609 2571 810 2636 Priori
862 2624 874 2636 .
928 2624 941 2636 .
991 2570 1392 2659 provincialis
1441 2569 1518 2636 de
1566 2572 1909 2657 punicione
1958 2572 2281 2639 cuiusdam
2329 2571 2551 2639 fratris
2631 2573 2930 2639 Latorem

397 2659 796 2743 presencium
824 2657 1190 2726 discretioni
1219 2679 1429 2726 vestre
1460 2660 1822 2726 transmitto
1856 2662 2183 2748 requirens
2215 2661 2443 2749 pariter
2477 2681 2539 2728 et
2571 2661 2930 2748 iniungens,

391 2745 569 2833 quod
615 2748 822 2835 ipsum
869 2770 986 2835 pro
1035 2749 1162 2813 suis
1211 2748 1605 2828 criminibuS,
1666 2747 1744 2814 de
1793 2746 2016 2835 quibus
2063 2750 2127 2814 in
2175 2748 2407 2816 iudicio
2458 2751 2786 2816 convictus
2836 2763 2930 2817 est

398 2847 457 2900 et
506 2834 863 2918 confessuS,
925 2833 1090 2922 apud
1146 2858 1263 2901 vos
1319 2836 1383 2900 in
1433 2858 1678 2902 carcere
1734 2849 2045 2922 perpetuo
2109 2836 2222 2903 sub
2283 2850 2527 2904 austera
2585 2838 2930 2923 penitentia

395 2921 758 3004 recludatiS,
822 2936 925 2989 aut
974 2946 1118 2989 eum
1169 2924 1402 2990 eiciatis
1451 2922 1524 2989 ab
1573 2923 1827 3004 ordine,
1886 2926 2149 3009 prestito
2200 2927 2585 3005 iuramentO,
2644 2924 2818 3012 quod
2864 2926 2929 2991 in

394 3009 570 3075 nullo
604 3033 749 3075 casu
784 3011 939 3076 clam
973 3010 1074 3075 vel
1122 3030 1334 3098 aperte
1374 3013 1607 3077 nostris
1640 3010 1927 3078 fratribus
1960 3013 2040 3078 sit
2072 3012 2400 3093 molestu3,
2445 3011 2547 3079 vel
2578 3014 2630 3077 si
2664 3011 2929 3099 dignum

394 3096 823 3163 misericordia
870 3096 1287 3163 iudicaveritis
1320 3100 1644 3178 miserum,
1694 3096 1855 3164 detis
1889 3097 2105 3164 eidem
2142 3098 2457 3165 licentiam
2510 3112 2679 3166 extra
2712 3100 2928 3167 Theu-

392 3183 682 3249 thoniam
707 3182 963 3271 petendi
985 3183 1280 3250 ordinem
1304 3184 1491 3250 alium
1517 3186 1685 3250 iuxta
1717 3184 2191 3272 privilegiorum
2214 3198 2582 3252 nostrorum
2610 3207 2926 3269 tenorem,

398 3270 499 3337 ubi
548 3274 888 3337 commissa
935 3270 1161 3337 defleat
1210 3282 1271 3338 et
1319 3270 1608 3337 deflenda
1654 3296 1752 3337 am
1805 3270 1919 3338 lius
1967 3297 2101 3339 non
2135 3275 2511 3341 committat.
2578 3275 2928 3341 Premisso-

392 3382 535 3424 rum
582 3361 771 3426 trium
823 3360 1155 3446 optionem
1203 3382 1315 3445 per
1361 3359 1639 3426 triduum
1687 3295 1868 3425 volbis
1917 3360 2140 3429 habete
2191 3384 2593 3442 concessam,
2649 3363 2924 3451 alioquin

393 3448 594 3532 prima
634 3470 795 3535 pam,
845 3471 966 3535 que
1011 3448 1274 3512 carceris
1318 3459 1431 3528 est,
1480 3446 1659 3513 vobis
1709 3448 2003 3524 imminet
2036 3448 2443 3516 observanda.
2523 3451 2758 3516 Datum
2807 3464 2924 3518 etc.

606 3656 717 3710 Fol.
762 3674 779 3709 1
795 3669 920 3727 79*-

1597 3830 1718 3902 141.

604 3973 959 4059 Ρηηίἰιςίαἶ
1006 3969 1387 4062 (Hermann)
1436 3973 1625 4039 tadelt
1671 3975 1782 4040 das
1836 3974 2160 4040 Verlmlten
2215 3977 2369 4040 eines
2416 3975 2753 4041 Konventes
2799 3977 2927 4042 und

388 4062 579 4125 seines
624 4061 831 4126 Priors
872 4084 1063 4147 gegen
1111 4064 1277 4138 einen
1326 4061 1653 4126 insolenten
1700 4062 1960 4127 Bruder.
2056 4060 2211 4148 (128
2213 4062 2306 4152 9.)

604 4180 975 4269 Respondet
1076 4183 1430 4249 rovincialis
1489 4183 1737 4250 cuidam
1794 4186 2007 4270 priori.
2099 4185 2334 4251 Littere
2390 4198 2595 4252 vestre
2655 4184 2923 4272 querelis

389 4267 648 4354 gravide
696 4268 773 4335 ad
818 4293 1011 4357 proce
1061 4269 1297 4337 endum
1345 4283 1565 4337 contra
1624 4271 1812 4338 talem
1861 4270 2148 4353 fratrem,
2213 4271 2290 4338 de
2339 4275 2512 4339 cuius
2560 4272 2924 4338 insolenciis

391 4358 742 4443 scripsistiS,
789 4381 895 4423 me
927 4369 1172 4444 poterat
1204 4360 1525 4439 excitasse,
1565 4360 1683 4424 nisi
1714 4358 2146 4441 advertissem,
2193 4358 2593 4447 prudentiam
2625 4372 2921 4441 vestram,

391 4467 513 4531 que
560 4443 842 4511 facienda
888 4444 1166 4527 fuerant,
1227 4445 1579 4513 obmisisse.
1665 4446 2026 4527 Quomodo
2076 4448 2248 4514 enim
2294 4449 2590 4535 contigit,
2636 4461 2706 4515 ut
2752 4448 2923 4515 solus

391 4530 763 4614 scriberetiS,
813 4532 985 4620 quod
1018 4557 1051 4599 a
1079 4533 1292 4601 multis
1339 4533 1627 4600 fratribus·
1656 4536 1847 4601 vestri
1880 4548 2232 4602 conventus
2264 4535 2639 4623 proclamari
2676 4547 2924 4624 poterat

391 4633 455 4685 et
488 4618 749 4686 deferri?
818 4621 973 4686 Non
1006 4623 1176 4687 enim
1227 4634 1355 4688 erat
1387 4621 1598 4687 sibilus
1646 4646 1792 4688 aure
1824 4624 2052 4704 tenuiS,
2100 4635 2196 4689 set
2228 4625 2475 4709 spiritus
2507 4625 2923 4711 tempestatiS,
