3505 5335
471 370 476 375 .
541 328 662 394 124
1702 322 1891 376 Briefe.
2818 324 2861 392 J.
2907 325 3054 389 1289.

533 483 673 550 illuc
729 482 1112 569 sollempnes
1172 483 1438 549 nuncios
1505 504 1620 568 pro
1686 482 1972 568 negociis
2040 482 2364 568 provincie
2425 482 2668 547 iterato,
2783 481 3054 567 ReputO,

533 571 706 659 quod
763 573 884 636 iam
949 572 1149 657 possit
1202 572 1467 656 negotio
1529 569 1889 651 subvenire,
1947 571 2087 657 quia
2142 580 2416 635 terrente
2465 569 2608 634 Deo
2670 567 3056 634 adversarios

532 659 646 725 sibi
693 658 1012 746 postulant
1059 658 1349 725 dextras¹
1395 657 1544 724 dari.
1638 659 1873 724 Datum
1924 656 2347 723 Columbarie.

748 878 761 905 ¹
802 869 1133 921 Wiederholt
1172 869 1273 921 HS.

744 1064 854 1116 Fol.
892 1042 1013 1130 ἱ154.
1088 1063 1168 1117 Fr.
1218 1063 1373 1115 Cuno
1426 1064 1489 1127 ist
1540 1063 1600 1115 C.
1654 1079 1760 1114 von
1809 1061 2081 1131 Ygesdorf
2121 1062 2226 1131 vgl.
2280 1062 2370 1114 Nr.
2423 1063 2504 1131 98.
2587 1062 2689 1113 Die
2736 1061 3057 1113 Adressaten

532 1154 755 1206 sandten
793 1171 858 1205 an
898 1153 1168 1204 Hermann
1207 1169 1313 1204 von
1352 1153 1526 1204 einen]
1566 1151 1884 1220 Depositum
1927 1165 1992 1202 zo
2030 1150 2203 1213 Mark3
2244 1149 2347 1218 vgl.
2389 1149 2479 1202 Nr.
2526 1163 2638 1213 104.

1738 1377 1872 1445 104.

744 1520 1098 1605 Provinzial
1146 1516 1524 1608 (Hermann)
1575 1519 1765 1584 belobt
1813 1520 1991 1583 Prior
2039 1518 2165 1582 und
2199 1517 2416 1583 Lektor
2461 1542 2577 1582 von
2625 1518 2809 1583 Basel
2853 1542 3058 1605 wegeu

535 1610 698 1675 ihrer
728 1606 1203 1695 Mildthcitigkeit
1245 1630 1434 1693 gegen
1480 1608 1574 1672 die
1605 1606 1888 1694 Zofinger
1919 1605 2382 1685 Dominikaner,
2431 1606 2560 1671 teilt
2604 1609 2733 1685 mit,
2780 1609 2896 1670 wie
2940 1607 3063 1670 viel

535 1722 599 1762 er
646 1697 856 1762 bereits
902 1695 1300 1782 azcsgegeb3n‚
1364 1696 1491 1760 und
1543 1694 1888 1760 ilbersendet
1947 1695 2123 1759 ihnen
2179 1697 2305 1759 eine
2356 1694 2527 1759 Gabe
2584 1716 2694 1759 aus
2743 1694 3058 1779 Freiburg.

537 1785 787 1874 (1289)

744 1891 945 1955 Priori
994 1904 1055 1955 et
1115 1890 1335 1955 lectori
1382 1887 1820 1954 Basiliensibus
1881 1886 2297 1974 provincialis
2371 1889 2470 1953 De
2518 1890 2781 1974 negotio
2832 1889 3062 1952 Zouin-

534 1980 733 2064 gensi.
826 1978 1025 2043 Multe
1074 1978 1444 2043 humanitati
1491 2000 1560 2042 ac
1608 1976 1976 2062 benignitati
2025 1988 2260 2056 vestre,
2309 1999 2528 2063 quam,
2592 1990 2657 2041 ut
2703 1975 3061 2062 frequenter

534 2066 760 2146 audivi,
796 2065 1156 2153 impenditis
1192 2077 1252 2132 et
1284 2064 1834 2151 superimpenditis
1868 2065 2131 2149 negotio
2150 2065 2538 2150 Zouingensi
2569 2065 2796 2149 gratias
2831 2062 3057 2143 refer0,

536 2166 794 2243 quantas
852 2177 1143 2240 possum,
1193 2152 1584 2233 desideranS,
1633 2165 1938 2240 quatenus
1987 2174 2147 2237 opus
2194 2152 2467 2217 karitatis
2515 2153 2576 2216 in
2626 2150 2805 2217 vobis
2854 2174 3061 2238 perse-

536 2244 813 2309 verantia
861 2240 1175 2329 compleat
1217 2254 1279 2308 et
1326 2253 1612 2307 coronet.
1684 2241 1900 2306 Nemo
1949 2241 2179 2326 poterit
2214 2239 2441 2319 dicere,
2491 2239 2663 2327 quod
2711 2263 2743 2304 a
2776 2238 3062 2306 fratribus

533 2330 873 2398 fraternum
933 2329 1297 2416 suffragium
1357 2328 1735 2418 requirendo
1797 2328 2176 2415 alligaverim
2227 2350 2450 2408 onera,
2514 2351 2634 2414 que
2682 2351 2800 2393 nec
2862 2327 3062 2414 digito

533 2418 759 2485 vellem
807 2432 1096 2505 tangere,
1155 2440 1341 2504 super
1387 2417 1687 2483 humeros
1735 2416 2022 2482 aliorum.
2113 2416 2281 2482 Nam
2331 2415 2501 2503 quod
2550 2415 2763 2496 habui,
2831 2415 2954 2481 hoc
3002 2427 3064 2481 et

534 2507 672 2587 feci,
720 2520 965 2573 tantum
1014 2506 1091 2572 de
1137 2507 1400 2592 pecunia
1442 2505 1741 2571 ordinans
1770 2511 1853 2571 'et
1895 2504 2176 2571 tribuens
2223 2503 2507 2570 fratribus
2540 2503 3061 2589 Zouingensibus,

536 2594 706 2685 quod
755 2597 886 2660 eius
933 2617 1202 2675 summa,
1250 2617 1434 2683 quam
1485 2595 1907 2681 conscriptam
1957 2593 2189 2673 habeO,
2248 2612 2462 2680 posset
2510 2605 2758 2658 mentes
2806 2591 3060 2657 audien-

537 2686 702 2750 cium
750 2695 994 2750 vertere
1041 2686 1106 2748 in
1152 2695 1499 2769 stuporem.
1595 2681 1769 2762 Quid
1833 2683 2020 2768 igitur
2067 2705 2248 2767 agam
2297 2681 2450 2747 alter
2496 2681 2639 2761 Iob,
2703 2683 2877 2747 cuius
2936 2682 3055 2745 iam

537 2774 947 2859 suspicientes
995 2772 1294 2837 attenuati
1343 2783 1491 2836 sunt
1539 2770 1704 2836 oculi
1752 2771 1816 2834 in
1852 2770 2142 2836 excelso?
2214 2770 2276 2835 Si
2326 2770 2677 2836 clamavero
2726 2792 2841 2855 pro
2876 2768 3062 2834 desti-

536 2862 682 2927 tutis
716 2859 882 2925 filiis:
932 2860 1344 2939 Miseremini,
1393 2860 1802 2936 miseremini,
1851 2856 2071 2924 saltem
2104 2881 2220 2924 vos
2254 2859 2437 2924 amici
2469 2859 2771 2944 ipsorum,
2824 2857 3062 2922 miseri-

537 2948 749 3014 cordia
797 2950 971 3036 quasi
1007 2946 1203 3013 nubes
1242 2948 1501 3013 transiet
1533 2947 1855 3012 matutina.
1935 2946 1997 3011 Si
2031 2945 2107 3011 ad
2149 2966 2479 3012 extraneos
2527 2970 2630 3011 me
2663 2957 3062 3022 converterO,

536 3059 763 3102 vocem
814 3059 947 3102 non
995 3034 1248 3101 audient
1310 3036 1701 3101 incantantis,
1797 3033 1922 3099 Sed
1983 3035 2125 3121 quia
2172 3057 2305 3099 non
2365 3046 2456 3099 est
2504 3034 2677 3099 Deus
2733 3044 2950 3099 noster
2999 3046 3064 3098 ut

539 3126 710 3190 Deus
760 3146 1018 3204 eorum,
1077 3125 1181 3210 qui
1228 3124 1290 3187 in
1349 3122 1699 3189 diversorio
1750 3121 1848 3188 vel
1906 3123 1970 3186 in
2026 3124 2123 3187 via
2182 3145 2324 3188 cum
2384 3121 2580 3187 altero
2638 3120 2941 3209 loquitur,
2999 3122 3062 3185 in

538 3214 692 3279 tanti
749 3212 889 3279 freti
946 3210 1227 3278 fremitu:
1291 3212 1568 3298 Exurge,
1631 3233 1819 3298 quare
1868 3209 2228 3290 obdormiS,
2290 3209 2589 3275 domine?
2652 3209 3062 3276 clamitemus

539 3302 601 3366 Si
652 3300 813 3366 ordo
861 3313 1079 3366 noster
1127 3311 1298 3366 extra
1346 3301 1661 3366 civitatem
1710 3322 1855 3364 cum
1903 3298 2226 3384 Stephano
2285 3299 2523 3385 impetu
2573 3298 2792 3363 eicitur
2839 3295 3064 3363 Iudeo-

538 3412 707 3468 rum,
772 3390 876 3475 qui
933 3389 1121 3453 etiam
1183 3387 1517 3453 solutionis
1574 3388 1917 3453 terminum
1985 3398 2437 3472 prevenerunt,
2485 3384 2691 3451 videat
2749 3384 3060 3451 ultionum

543 3475 838 3543 dominus
905 3495 966 3541 et
1027 3477 1295 3563 requirat
1353 3474 1454 3541 vel
1508 3476 1738 3561 pietate
1794 3474 1976 3540 solita
2032 3473 2146 3539 illis
2208 3497 2341 3539 non
2401 3485 2625 3540 statuat
2680 3474 2803 3539 hoc
2851 3496 3066 3559 pecca-

540 3584 674 3630 tum
727 3616 739 3629 .
792 3617 803 3628 .
858 3616 870 3628 .
928 3564 1107 3628 Prior
1155 3582 1216 3628 et
1273 3563 1473 3629 lector
1521 3561 1963 3649 Vriburgensis
2023 3561 2267 3629 occulte
2316 3560 2392 3627 de
2447 3560 2724 3649 quodam
2772 3561 3064 3647 deposito

542 3653 668 3717 XX
702 3674 943 3717 marcas
977 3663 1372 3737 acceperunt,
1421 3674 1542 3738 que
1575 3649 1756 3716 vobis
1789 3673 1899 3737 per
1932 3649 2196 3716 latorem
2231 3651 2616 3737 presentium
2651 3651 3063 3734 assignantur.

541 3741 617 3805 Et
649 3741 790 3826 quia
839 3739 960 3805 hoc
1009 3762 1239 3824 magna
1272 3762 1346 3804 ex
1393 3750 1564 3825 parte
1612 3761 1727 3824 pro
1772 3762 1988 3804 amore
2038 3761 2187 3804 meo
2235 3737 2538 3818 fecerunt,
2586 3749 2815 3823 rogant
2848 3748 2909 3802 et
2943 3759 3064 3822 ego

543 3850 725 3914 rog0,
773 3838 1078 3913 quatenus
1109 3828 1275 3892 viam
1309 3827 1639 3893 inveniatis
1674 3849 1817 3891 cum
1851 3827 2084 3892 vicario
2120 3839 2181 3892 et
2224 3825 2510 3891 fratribus
2544 3823 3065 3911 ZouingensibuS,

543 3913 801 4003 qualiter
835 3927 899 3981 et
928 3914 1181 4002 quando
1215 3915 1363 4001 ipsis
1396 3916 1696 4000 premissa
1743 3916 2007 4001 pecunia
2039 3913 2437 4001 rependatur,
2486 3937 2565 3978 ne
2600 3914 2799 3979 maius
2835 3914 3067 3979 oriatur

543 4001 905 4069 scandalum
964 4014 1025 4069 et
1088 4003 1364 4069 trahatur
1420 4002 1577 4083 hoc,
1651 4026 1731 4069 ne
1801 4002 2007 4068 ordini
2076 4001 2362 4083 credant,
2428 4026 2462 4067 a
2527 4000 2938 4067 creditoribus
3003 4001 3064 4064 in

545 4090 923 4178 exemplum.
1051 4091 1540 4179 Quamcumque
1618 4092 1873 4176 insuper
1925 4092 2106 4156 ¹viam
2182 4091 2545 4156 inveneritis
2620 4087 3065 4167 mendicandO,

546 4191 836 4246 mutuum
886 4177 1080 4265 longe
1127 4177 1226 4245 vel
1273 4201 1471 4265 prope
1518 4177 1909 4265 accipiendO,
1961 4178 2060 4245 vel
2107 4201 2293 4265 super
2340 4202 2461 4265 que
2507 4179 2777 4243 mutuari
2824 4177 3068 4263 possint

545 4269 604 4356 pi
654 4291 813 4333 nora
859 4265 1260 4353 postulando,
1307 4279 1510 4332 ratum
1545 4279 1605 4332 et
1651 4285 1902 4353 gratum
1949 4267 2173 4345 habeO,
2223 4267 2413 4331 etiam
2461 4267 2510 4330 si
2561 4288 2774 4331 usuras
2815 4275 3066 4352 oportet

545 4292 790 4422 soffvere
839 4367 1296 4441 competenteS.
1392 4355 1463 4419 Et
1524 4378 1605 4420 ne
1663 4356 1726 4419 in
1787 4352 2065 4441 dampno
2122 4356 2253 4420 sitis
2302 4376 2417 4420 vos
2467 4366 2530 4420 et
2575 4352 2703 4434 alii,
2767 4354 3067 4438 magistri,

546 4442 942 4531 provincialis
992 4454 1052 4509 et
1100 4442 1514 4510 diffinitorum
1562 4466 1632 4508 ac
1680 4441 1942 4508 aliorum
1986 4443 2196 4508 Deum
2245 4443 2616 4507 timencium
2665 4439 3069 4527 providencia

547 4552 608 4598 et
699 4533 852 4598 ietas
901 4554 1090 4617 opem
1141 4550 1323 4619 atque
1372 4553 1630 4617 operam
1681 4530 2072 4596 ministrabit,
2146 4528 2389 4597 Reddat
2438 4527 2734 4595 dominus
2783 4528 3069 4595 manibus

546 4556 878 4686 mulierum
959 4618 1493 4698 misericordium,
1581 4642 1702 4705 que
1779 4618 2206 4685 subvenerunt
2288 4616 2574 4684 fratribus
2650 4636 2717 4683 ut
2795 4640 3069 4694 sororeS,
