3505 5335
454 329 500 398 J.
544 345 563 380 1
577 329 697 399 289.
1632 328 1823 382 Briefe.
2873 333 2940 396 15
2959 335 2983 377 Ι

457 507 518 553 et
563 487 825 574 proprio
873 486 1181 572 sanguine
1243 485 1517 553 maculas
1565 484 1787 566 diluat,
1849 509 2000 574 quas
2048 487 2327 573 ingessit.
2420 487 2661 554 Nonne
2707 488 2840 575 ipse
2898 500 2991 554 est

455 572 690 656 David,
744 576 851 662 qui
897 573 1105 639 missis
1153 573 1525 641 exercitibus
1573 585 1837 640 conatus
1885 585 1980 640 est
2028 586 2309 641 evertere
2357 587 2626 642 matrem
2674 575 2989 642 civitatem

455 664 521 727 in
578 661 841 743 Israhel,
915 662 982 743 in
1054 684 1174 749 qua
1234 660 1400 727 Sibai
1465 660 1836 748 confugerat
1901 680 2122 728 auctor
2185 663 2524 744 scismatiS,
2598 663 2719 728 nisi
2792 662 2992 750 capud

454 751 771 817 amitteret
813 748 1081 816 consilio
1129 748 1445 816 mulieris?
1524 749 1597 815 In
1645 748 1942 837 operibus
1989 750 2116 816 suis
2163 749 2383 816 similis
2429 749 2627 817 factus
2675 769 2768 817 est
2816 750 2988 817 leoni

454 837 895 918 Machabaeu3‚
944 860 1088 902 cum
1120 849 1544 924 perscrutetur
1586 838 1861 925 iniquOS,
1908 849 1977 904 ut
2009 860 2208 905 cornu
2255 837 2567 925 gloriandi
2597 861 2731 904 non
2762 838 2990 905 tribuat

453 926 790 1013 peccatori.
883 925 959 991 Et
1005 925 1109 1012 qui
1158 924 1382 991 melius
1429 924 1782 992 iudicarunt
1828 926 1892 991 in
1940 924 2106 991 bello
2154 927 2319 991 mori
2353 949 2543 1014 quam
2590 926 2750 992 mala
2780 928 2989 1013 gentis

454 1036 565 1080 sue
598 1014 1013 1101 equanimiter
1045 1034 1324 1095 cernere,
1370 1014 1651 1101 prompti
1683 1025 1860 1080 erant
1908 1014 2187 1080 accensis
2234 1015 2458 1080 animis
2490 1036 2712 1080 muros
2749 1013 2991 1080 ferreos

497 1113 800 1168 enetrare.
893 1098 1172 1167 Proinde
1221 1101 1693 1168 universitatem
1733 1116 2010 1167 vestram
2057 1124 2298 1168 moneo
2345 1103 2410 1167 in
2459 1101 2727 1168 domino
2776 1114 2839 1169 et
2885 1126 2990 1168 ex—

451 1125 678 1256 liortor
706 1188 980 1256 districte
1012 1188 1386 1276 precipiens,
1419 1201 1726 1276 quatenus
1759 1189 1929 1256 iuxta
1952 1187 2162 1256 datam
2185 1188 2368 1255 vobis
2400 1188 2771 1256 industriam
2802 1201 2988 1277 atque

451 1299 640 1364 posse
686 1278 892 1344 vicem
939 1298 1057 1343 vos
1117 1274 1379 1343 fratrum
1428 1295 1489 1344 et
1550 1276 1791 1343 ordinis
1848 1275 2064 1343 dolere
2125 1278 2510 1344 monstratis
2603 1278 2758 1344 Non
2815 1279 2984 1344 enim

453 1363 679 1432 desunt
724 1363 1047 1453 privilegia
1093 1386 1261 1431 nova
1308 1365 1620 1431 veteribus
1667 1365 1934 1446 sociata,
1982 1388 2257 1453 quorum
2305 1366 2636 1432 sententiis
2682 1388 2987 1453 personas

449 1452 717 1540 fugitivo
753 1451 1089 1519 consilium
1139 1463 1201 1518 et
1245 1452 1544 1519 auxilium
1592 1451 2011 1540 inpendentes
2046 1476 2191 1519 cum
2237 1452 2393 1519 locis
2441 1452 2792 1520 eorundem
2841 1452 2988 1520 faci-

449 1539 590 1608 liter
642 1541 973 1629 illaqueare
1033 1541 1320 1626 possitis,
1382 1538 1591 1607 donec
1650 1539 1898 1608 tradant
1952 1540 2054 1607 vel
2112 1541 2338 1608 eiciant
2398 1564 2531 1608 non
2586 1543 2710 1607 iam
2767 1541 2988 1629 vulpes

449 1628 733 1715 parvulas
767 1626 1209 1709 demoliente5‚
1258 1639 1354 1694 set
1385 1628 1730 1715 singulares
1769 1627 1939 1695 feros
1969 1630 2222 1695 vineam
2256 1628 2685 1716 depascentes
2750 1629 2822 1695 In
2855 1653 2986 1716 quo

451 1739 597 1782 casu
668 1739 805 1782 non
866 1716 1128 1803 parcatis
1193 1714 1505 1782 laboribus
1577 1738 1953 1803 corporum,
2018 1715 2541 1783 sollicitudinibus
2599 1718 2985 1797 animorum,

450 1804 800 1891 sumptibus
849 1826 1287 1890 expensarum,
1336 1827 1487 1891 quas
1534 1802 1707 1870 dives
1757 1805 1821 1870 in
1870 1827 2098 1871 omnes
2132 1806 2424 1871 omnium
2473 1803 2772 1871 dominus
2809 1827 2986 1871 com-

446 1890 751 1978 pensabit.
844 1892 921 1958 Et
965 1902 1035 1957 ut
1081 1890 1410 1958 devotioni
1464 1891 1722 1959 fratrum
1785 1891 2150 1958 huiusmodi
2197 1894 2542 1979 negocium
2598 1915 2986 1980 prosequen-

446 1981 606 2046 tium
655 1979 845 2067 digna
890 2002 1134 2045 merces
1180 1978 1563 2065 respondeat
1595 1991 1657 2046 et
1701 1979 1878 2046 favor
1911 2003 2232 2067 congruus
2279 1979 2545 2047 arrideat
2587 1982 2652 2046 in
2686 1982 2985 2068 presenti,

449 2066 679 2134 ordino
713 2086 899 2155 atque
926 2066 1077 2133 volo
1111 2066 1429 2135 mediante
1460 2067 1829 2155 provinciali
1854 2079 2090 2150 vestr0,
2125 2067 2317 2156 quod,
2351 2091 2725 2157 quecunque
2753 2065 2982 2134 domus

447 2153 682 2222 dictum
733 2154 988 2221 fratrem
1037 2208 1050 2221 .
1102 2207 1115 2221 .
1164 2154 1265 2221 vel
1320 2168 1754 2242 coapostatam
1810 2179 1996 2222 suum
2046 2209 2059 2222 .
2112 2209 2158 2237 .,
2219 2158 2393 2222 cuius
2440 2155 2790 2243 supradicta
2848 2167 2982 2222 acta

446 2243 732 2311 similiter
785 2242 1017 2310 faciunt
1076 2244 1520 2324 mencionem,
1577 2245 1812 2330 ceperit
1875 2263 1935 2311 et
1990 2245 2293 2326 tenuerit,
2353 2246 2522 2331 ipsa¹
2581 2267 2616 2310 a
2664 2242 2981 2310 contribu-

445 2331 621 2398 tione
673 2383 686 2397 .
739 2385 752 2397 .
805 2384 817 2397 .
866 2330 1057 2397 libera
1102 2343 1469 2417 permaneat
1517 2343 1578 2398 et
1624 2331 1947 2398 immunis,
2043 2332 2115 2397 In
2162 2334 2621 2418 premissorum
2677 2330 2868 2398 robur
2916 2344 2977 2398 et

446 2417 838 2485 evidenciam
883 2436 1242 2507 presentem
1277 2420 1572 2505 paginam
1607 2418 1754 2485 duxi
1786 2419 1967 2506 sigilli
2017 2417 2210 2486 officii
2242 2422 2369 2486 mei
2403 2421 2757 2486 munimine
2790 2418 2982 2485 robo-

444 2505 730 2573 randum.
822 2506 1064 2574 Valete.

658 2690 674 2718 ¹
713 2683 881 2752 ipsam
920 2683 1023 2736 HS.

638 2785 764 2876 ⁴1201.
809 2839 923 2891 177.
999 2824 1122 2894 Vgl.
1162 2824 1466 2894 Einleitung
1504 2825 1556 2878 s,
1595 2839 1679 2888 44.

1648 2980 1779 3050 137.

652 3101 1008 3188 Provinziczl
1056 3099 1439 3192 (Hermann)
1497 3104 1626 3168 teilt
1684 3101 1828 3190 (den
1877 3102 2156 3192 Prioren)
2204 3105 2342 3182 mit,
2405 3103 2549 3191 dass
2600 3106 2692 3169 ein
2738 3103 2980 3169 Bruder

440 3211 556 3253 von
620 3188 951 3276 Hamburg
1019 3191 1348 3256 entwichen
1413 3193 1526 3270 sei,
1600 3191 1932 3278 widerruft
1996 3191 2089 3255 die
2162 3191 2287 3255 ihm
2352 3190 2579 3255 erteilte
2642 3190 2979 3256 Vollmacht

441 3278 536 3340 ein
582 3276 823 3342 Kloster
876 3301 955 3362 (ιι
1002 3276 1224 3358 bauan,
1285 3279 1413 3342 und
1466 3278 1701 3343 ersucht
1756 3301 1858 3342 um
1906 3277 2149 3343 Bericht
2205 3276 2350 3342 iiber
2404 3278 2517 3343 den
2564 3275 2974 3366 Entflohenen.

441 3360 695 3453 (1289·)

420 3480 424 3484 '
651 3470 750 3535 De
809 3470 1209 3535 correctione
1274 3468 1598 3535 cuiusdam
1655 3469 1858 3536 fratris
1926 3468 2346 3556 provincialis.
2452 3469 2622 3549 Quia
2678 3468 2976 3548 intellexi,

438 3555 610 3645 quod
658 3556 846 3623 frater
895 3610 909 3622 .
960 3610 998 3638 .,
1047 3580 1238 3644 quem
1285 3558 1426 3622 misi
1476 3558 1540 3623 in
1589 3556 1940 3643 Hamburg,
1988 3558 2267 3623 renitens
2300 3556 2660 3623 obedientie
2709 3579 2862 3622 mox
2895 3556 2973 3623 ad

438 3644 578 3711 loca
623 3646 882 3732 pristina
932 3644 1308 3711 authoritate
1364 3646 1618 3732 propria
1663 3644 1797 3711 vult
1842 3644 2076 3726 redire,
2139 3643 2462 3711 evidenter
2510 3644 2974 3726 demonstranS,

438 3744 665 3820 quanta
714 3755 865 3818 erga
923 3732 1220 3820 quasdam
1270 3731 1536 3798 feminas
1594 3745 1854 3820 urgetur
1900 3731 2350 3814 sollicitudine,
2413 3756 2447 3798 a
2494 3731 2716 3820 quibus
2774 3735 2974 3799 nescit

439 3821 627 3887 etiam
676 3843 848 3886 mare
894 3821 1204 3886 transiens
1251 3819 1590 3903 abstinere,
1652 3839 1713 3887 et
1761 3844 2056 3909 quarum,
2116 3832 2185 3887 ut
2230 3820 2538 3887 moniales
2630 3833 2971 3901 utarentur,

438 3909 705 3994 negocia
750 3909 978 3995 gessit,
1034 3930 1256 3975 verum
1311 3910 1742 3996 supprimenS,
1803 3908 2028 3975 falsum
2074 3907 2344 3975 suadens
2405 3932 2523 3975 nec
2607 3908 2667 4062 φ
2718 3907 2974 3975 duriore

439 3997 681 4062 cervice
728 4016 1003 4062 armatus
1035 3998 1335 4083 prosequi
1380 4018 1515 4061 non
1549 3995 1810 4063 desistit.
1885 3996 2022 4083 Ego
2070 3997 2259 4083 igitur
2308 3995 2622 4085 aliquantu
2650 4020 2757 4062 um
2805 4019 2972 4062 acer-

437 4081 610 4148 biora
642 4084 912 4169 iungens
944 4083 1248 4150 fomentis
1279 4083 1639 4165 levioribuS,
1686 4096 1756 4151 ut
1788 4102 1882 4150 est
1915 4106 2097 4171 opuS,
2143 4086 2419 4172 primum
2454 4107 2682 4151 omnes
2715 4084 2970 4163 litteraS,

437 4172 947 4253 commissiones,
993 4171 1306 4253 licenciaS,
1354 4173 1808 4258 permissiones
1854 4170 1933 4238 ad
1981 4172 2104 4237 hoc
2152 4170 2469 4238 ordinatas
2510 4171 2611 4238 vel
2659 4171 2969 4252 obtentaS,

435 4270 503 4325 ut
528 4257 865 4325 claustrum
898 4271 1116 4345 posset
1145 4260 1211 4324 in
1238 4312 1252 4325 .
1283 4311 1296 4325 .
1325 4271 1714 4341 construere,
1748 4281 1986 4326 revoco
2015 4272 2078 4327 et
2103 4282 2304 4325 cassas
2337 4260 2695 4346 pronuncio
2721 4257 2969 4338 nolens,

435 4346 608 4433 quod
641 4344 929 4427 adiciant,
977 4365 1044 4413 ut
1075 4358 1425 4433 resurgant.
1495 4346 1747 4414 Deinde
1781 4347 2056 4414 districte
2144 4346 2432 4428 rohibe0,
2479 4371 2561 4413 ne
2592 4348 2730 4434 quis
2761 4346 2969 4428 frater,

434 4433 703 4520 prelatus
751 4433 1009 4500 clericus
1040 4434 1141 4500 vel
1174 4457 1543 4515 conversuS‚
1590 4435 1706 4501 sibi
1752 4436 1994 4501 assistat
2026 4370 2139 4502 vei,
2165 4437 2372 4522 ipsum
2420 4436 2689 4502 associet
2720 4436 2785 4500 in
2832 4458 2971 4522 pre-

342 4565 345 4568 -
435 4520 741 4588 dictarum
798 4523 1065 4608 negotio
1124 4520 1523 4588 feminarum.
1617 4523 1757 4589 Nec
1802 4534 1980 4610 putet
2035 4524 2228 4609 ipsaS,
2290 4525 2341 4589 si
2399 4523 2746 4610 spirituales
2801 4535 2968 4602 sunt,

433 4607 763 4695 spiritualis
797 4632 943 4675 cure
990 4609 1218 4676 solatio
1253 4608 1598 4691 destitutas,
1647 4633 1795 4676 nam
1844 4609 2107 4677 subsunt
2152 4611 2453 4698 episcopo
2487 4611 2633 4693 loci,
2681 4611 2786 4698 qui
2818 4611 2970 4698 ipsis
