3505 5335
499 270 581 334 82
1669 281 1858 334 Briefe.
2649 282 2693 350 J.
2739 297 3028 349 1272—77.

499 440 767 529 periodo
815 442 881 506 in
925 452 1090 507 terra
1136 452 1339 507 vestra
1386 438 1583 526 figere
1630 440 1905 506 tentoria
1951 437 2311 505 debeamus,
2379 439 2567 505 Putas
2602 437 2722 527 (?)‚
2769 436 3000 504 videbo
3014 464 3031 519 ;

500 552 560 616 p.
609 528 669 595 d.
718 530 769 594 si
815 550 1088 609 venem,
1148 529 1478 594 invenero.
1571 527 1866 593 Latinum
1914 526 2215 607 scribam,
2277 525 2542 592 latinum
2590 525 2829 606 bibam,
2887 548 3030 591 cum

502 618 753 683 Cereris
798 615 924 681 filie
970 614 1247 682 libellum
1294 612 1537 703 repudii
1583 613 1828 681 Bachus
1877 612 2064 680 dabit.

709 826 822 880 Fol.
862 844 945 897 99.
1019 826 1121 879 Die
1159 825 1506 895 Erwahnung
1552 824 1645 877 der
1682 824 1974 877 Krankheit
2026 822 2119 876 des
2157 822 2479 876 Provinzials
2518 824 2674 876 weist
2725 822 2820 876 auf
2850 823 3035 876 Ulrich

501 915 608 981 hin,
646 930 804 967 wozu
842 913 978 966 auch
1015 912 1099 965 die
1129 911 1373 982 Stellung
1409 911 1503 965 des
1539 911 1742 965 Briefes
1783 911 1943 982 passt3
1983 910 2067 964 die
2104 927 2273 981 ganze
2303 909 2464 963 Form
2503 910 2598 963 auf
2619 911 2890 964 Hermann
2927 927 3035 964 von

502 1001 746 1068 Minden‚
798 1018 906 1054 von
943 1000 1067 1053 dem
1106 1002 1153 1070 ja
1192 998 1293 1052 fast
1331 998 1432 1052 alle
1470 998 1909 1052 Freundesbriefe
1946 1007 2229 1052 stammen.
2293 998 2375 1050 Zu
2422 998 2685 1052 beachten
2733 998 2816 1051 die
2853 999 3035 1051 Wort-

504 1089 684 1160 spiele,
724 1088 1015 1142 besonders
1055 1087 1128 1140 So
1167 1116 1235 1126 —
1272 1097 1390 1140 sato
1428 1087 1607 1157 gleich
1646 1088 1720 1140 sic
1760 1086 2024 1140 sedemus

1720 1277 1823 1346 50.

716 1402 1073 1487 Provinzial
1144 1401 1383 1493 Ulrich)
1416 1400 1603 1467 dankt
1634 1401 1924 1467 Albertus
1957 1399 2285 1493 (Magnus)
2318 1404 2443 1491 fiir
2486 1405 2644 1468 seine
2690 1400 3043 1468 Teilnahme

507 1494 570 1557 in
627 1493 821 1556 seiner
875 1489 1093 1556 Krank
1136 1492 1213 1556 eit
1271 1489 1401 1555 und
1452 1489 1619 1555 bittet
1672 1490 1799 1570 ihn,
1854 1489 1979 1556 sich
2033 1489 2140 1555 der
2193 1513 2311 1556 von
2367 1492 2554 1556 einem
2611 1490 2889 1576 Bischose
2941 1488 3039 1554 be-

505 1580 804 1666 drcingten
850 1577 1293 1643 Dominikaner
1337 1577 1772 1663 anzunehmen.
1868 1575 2385 1669 (1272—1277.)

720 1684 964 1750 Gratias
1010 1682 1198 1749 refert
1243 1681 1532 1749 infirmus
1579 1681 1979 1770 provincialis
2027 1681 2295 1749 domino
2343 1681 2703 1771 Al(berto).
2776 1682 3037 1748 Utinam

507 1771 705 1839 scriba
743 1769 991 1838 deditus
1037 1793 1245 1836 essem
1277 1769 1378 1837 vel
1421 1769 1861 1857 paterfamilias
1907 1793 2077 1838 nova
2123 1788 2185 1837 et
2217 1788 2429 1836 vetera
2475 1771 2602 1836 suis
2649 1771 2854 1836 sciens
2898 1791 3044 1856 pro-

509 1859 738 1926 ducere
785 1857 863 1926 de
911 1858 1236 1939 thesauriS,
1284 1869 1592 1946 quatenus
1681 1881 1757 1925 ro
1804 1859 2081 1944 pristinis
2115 1869 2177 1924 et
2222 1857 2426 1924 adhuc
2474 1856 2816 1924 calentibus
2853 1855 3045 1923 bene-

508 1945 664 2013 ficiis
713 1969 974 2013 censum
1025 1945 1375 2012 debitarum
1420 1968 1615 2033 repen
1666 1968 1840 2011 erem
1887 1946 2267 2033 graciarum!
2353 1945 2531 2026 Quid
2577 1957 2789 2012 autem
2835 1946 3045 2011 minus

510 2034 697 2101 debet
764 2035 922 2121 patri
985 2032 1180 2114 filius,
1260 2034 1563 2120 magistro
1630 2032 1998 2120 discipuluS,
2064 2032 2334 2100 domino
2408 2032 2709 2114 famulus,
2777 2034 3086 2117 curatori*

508 2120 820 2209 parVuIUS,
868 2144 1059 2209 quam
1106 2143 1174 2186 se
1219 2132 1451 2188 totum.
1527 2119 1843 2188 Nondum
1891 2123 2061 2188 enim
2109 2120 2383 2188 substitit
2429 2123 2781 2208 instagnata
2825 2119 3045 2206 benig-

510 2211 673 2276 nitas
719 2228 781 2276 et
826 2208 1183 2275 humanitas
1230 2208 1570 2290 dilectoriS‚
1618 2221 1714 2276 set
1760 2207 2122 2276 letificativo
2154 2208 2434 2275 fluminis
2480 2210 2723 2296 impetu
2767 2207 3046 2295 plantam

510 2321 686 2364 suam
737 2296 941 2364 cultor
985 2295 1317 2364 benivolus
1364 2296 1663 2383 irrigavit,
1712 2320 1859 2362 cum
1891 2320 1997 2363 me
2042 2295 2308 2363 alterum
2356 2319 2557 2383 nuper
2588 2297 2891 2362 Lazarum
2929 2348 2943 2361 .
2980 2349 2995 2361 .
3032 2349 3045 2361 .

513 2387 845 2452 convivam
896 2407 1120 2451 mense
1164 2396 1407 2465 vestre,
1457 2438 1470 2450 .
1524 2437 1537 2451 .
1590 2437 1603 2450 .
1653 2386 1999 2451 accersistis
2044 2386 2110 2449 in
2169 2384 2317 2452 loco
2365 2407 2593 2472 pascue
2650 2381 3047 2464 collocand0‚

513 2475 596 2539 ita
655 2484 723 2539 ut
783 2473 907 2538 iam
969 2471 1254 2558 preclaro
1322 2472 1728 2559 benignitatis
1788 2483 1994 2538 vestre
2050 2471 2238 2539 calice
2299 2483 2626 2559 vegetatus
2691 2470 2852 2537 mala
2913 2493 3048 2537 non

511 2562 771 2626 timeam
804 2560 927 2626 Dei
973 2558 1405 2626 misericordia
1449 2559 1892 2648 subsequente.
1965 2560 2271 2626 Ceterum
2317 2558 2535 2626 fratres
2571 2613 2584 2626 .
2622 2613 2660 2640 .,
2708 2572 2775 2627 ut
2816 2560 3048 2645 accepi,

512 2670 626 2735 per
659 2701 672 2714 .
711 2701 724 2714 .
759 2648 1131 2735 episcopum
1164 2659 1384 2716 contra
1417 2659 1791 2716 consuetam
1836 2646 2187 2714 libertatem
2221 2646 2461 2715 ordinis
2492 2648 2760 2715 restricti
2791 2670 3049 2735 gravem

513 2736 703 2824 positi
736 2748 883 2803 sunt
912 2737 978 2802 in
1010 2758 1299 2816 nervum,
1332 2737 1415 2803 ita
1447 2747 1515 2802 ut
1538 2735 1883 2822 predicare,
1918 2735 2355 2802 confessiones
2387 2735 2622 2818 audire,
2654 2736 3049 2803 testamentis

513 2823 732 2890 adesse
778 2825 950 2910 ipsos
997 2824 1060 2889 in
1109 2847 1220 2889 sua
1268 2822 1507 2891 diocesi
1553 2847 1689 2889 non
1735 2825 2075 2910 permittat.
2150 2824 2277 2910 Ipsi
2307 2846 2485 2906 vero,
2534 2825 2640 2912 qui
2685 2821 3051 2889 huiusmodi

513 2910 764 2998 pedicas
805 2909 1068 2979 evadere
1104 2912 1383 2999 cupiunt,
1432 2911 1625 2978 bivias
1670 2910 1935 2978 lustrant
1969 2923 2031 2978 et
2073 2913 2445 2999 perquirunt
2474 2910 2753 2999 undique
2798 2910 3050 2977 licentie

515 3011 853 3086 aperturaS,
901 3022 1069 3065 nunc
1115 3021 1228 3085 per
1260 2998 1597 3066 dominum
1644 3022 1867 3086 regem
1902 3052 1915 3065 .
1955 3052 1990 3080 .,
2039 3022 2209 3066 nunc
2256 3021 2367 3086 per
2398 2998 2667 3065 aliorum
2705 2997 3050 3085 presidium

518 3087 850 3174 enavigare
906 3086 1090 3152 huius
1135 3086 1307 3153 fretri
1367 3086 1686 3153 fremitum
1738 3085 2156 3154 confidentes,
2252 3087 2390 3168 Set,
2450 3105 2518 3153 ut
2573 3086 2729 3152 mihi
2785 3084 3051 3167 videtur,

517 3196 633 3240 vos
690 3174 862 3241 solus
914 3173 1053 3261 plus
1110 3174 1409 3241 obtinetis
1465 3174 1767 3262 ponderis
1825 3176 1890 3240 in
1946 3175 2061 3241 hac
2161 3186 2324 3256 arte,
2396 3176 2478 3241 ita
2540 3174 2715 3263 quod
2772 3175 2824 3240 si
2881 3172 3051 3240 dicto

518 3263 821 3348 episcopo
886 3262 1156 3329 scribere
1218 3261 1662 3350 dignabimini,
1729 3285 1951 3350 pacem
2013 3274 2115 3329 tur
2158 3264 2273 3329 atis
2330 3260 2594 3328 reddere
2654 3273 2716 3328 et
2770 3273 3053 3328 vestrum

517 3351 803 3436 poteritis
850 3352 1150 3417 meritum
1204 3350 1521 3437 ampliare.

728 3541 838 3595 Fol.
884 3558 998 3612 119.
1073 3543 1184 3595 Der
1221 3541 1370 3595 Brief
1401 3542 1697 3619 entspricht
1741 3559 1876 3611 ganz
1916 3542 2039 3595 dem
2077 3542 2233 3595 Tone
2271 3543 2324 3594 in
2363 3541 2484 3595 dem
2524 3541 2839 3606 Schreiben‚
2891 3539 3056 3593 durch

518 3628 754 3682 welches
797 3628 977 3681 Ulrich
1015 3629 1202 3683 Albert
1241 3631 1388 3682 seine
1415 3628 1576 3682 Wahl
1614 3630 1843 3683 mitteilt.
1907 3630 2104 3683 Ferner
2142 3630 2340 3700 spricht
2378 3628 2460 3682 for
2499 3629 2582 3682 die
2609 3630 2717 3682 Zeit
2755 3628 2893 3681 nach
2923 3641 3052 3696 1272

519 3718 655 3770 auch
693 3716 775 3769 die
801 3717 1148 3786 Erwahnung
1187 3717 1279 3770 des
1306 3718 1531 3787 KonigS.
1596 3717 1755 3770 Dann
1792 3718 1858 3771 ist
1883 3717 2202 3771 wiederholt
2239 3719 2290 3771 in
2319 3716 2546 3783 Bdefen,
2585 3716 2670 3769 die
2697 3715 2789 3769 der
2815 3714 3056 3784 Stellung

519 3804 656 3857 nach
694 3820 786 3856 aus
825 3803 928 3856 den
967 3805 1225 3874 siebziger
1253 3805 1448 3875 Jahren
1487 3805 1742 3858 kommen
1781 3810 2025 3871 mfissen,
2064 3822 2173 3858 von
2213 3806 2358 3858 einer
2395 3805 2675 3857 schweren
2713 3802 3056 3871 Erkrankung

520 3892 612 3944 des
651 3891 972 3944 Provinzials
1011 3892 1095 3945 die
1133 3892 1296 3946 Rede.

1742 4064 1829 4134 51.

742 4189 1161 4255 Verschiedene
1191 4190 1447 4255 Formen
1479 4191 1584 4255 der
1621 4190 2103 4278 Genehmigung,
2151 4212 2263 4256 aus
2309 4191 2443 4255 dem
2482 4188 2692 4256 Orden
2737 4213 2816 4275 zu
2848 4201 3057 4268 treten,

522 4289 698 4341 anter
744 4277 1101 4362 Provinzial
1157 4277 1386 4343 Ulrich.
1481 4275 1999 4367 (1272—1277.)

733 4382 963 4447 Forma
1008 4381 1377 4448 licenciandi
1423 4381 1498 4448 ab
1546 4382 1790 4450 ordine.
1883 4384 2096 4449 Frater
2143 4381 2393 4449 Ulricus
2439 4382 2612 4468 prior
2658 4379 3059 4467 provincialis

522 4468 783 4534 fratrum
817 4467 1055 4535 ordinis
1087 4469 1561 4537 Predicatorum
1607 4493 1719 4557 per
1751 4470 2144 4537 Teutoniam
2191 4469 2360 4536 fratri
2403 4470 2465 4534 in
2514 4467 2759 4534 bonum
2792 4466 3060 4554 dirigere

523 4578 775 4642 gressus
820 4578 990 4622 suos,
1084 4558 1273 4624 Nota.
1354 4558 1419 4624 Si
1463 4556 1890 4624 licenciandus
1941 4569 2033 4624 est
2080 4559 2144 4623 in
2193 4556 2417 4624 ordine
2466 4555 2692 4637 adhuc,
2739 4554 3058 4622 scribitur:
