3505 5335
586 347 669 410 90
1754 339 1944 394 Briefe.
2731 343 2775 412 J.
2822 357 2917 410 127
2929 357 2949 409 3
2963 373 3012 379 —
3029 342 3115 395 86.

586 512 649 568 et
694 522 903 580 morS,
956 498 1107 566 dum
1155 497 1366 565 rabida
1411 521 1700 565 morsum
1748 497 1916 585 figit,
1975 499 2170 565 totius
2227 497 2544 565 modestie
2600 497 2868 565 modum
2926 499 3118 586 pellit.

586 591 643 653 A
681 611 715 653 a
746 610 801 668 a,
850 585 1111 653 domine
1145 585 1320 665 deuS,
1369 588 1608 667 nesci0,
1656 609 1786 674 quo
1831 585 1970 652 zelo
2003 608 2186 672 perse
2234 608 2362 667 uar,
2411 609 2539 674 quo
2579 585 2790 652 furore
2825 585 3120 668 detester,

586 698 708 763 qua
754 674 1116 741 crudelitate
1172 673 1508 761 percellam
1568 673 1737 739 illam
1786 684 2144 755 cruentam,
2190 609 2518 741 {mestam
2576 686 2637 740 et
2697 674 3118 742 insaciabilem

587 763 844 829 humani
913 763 1165 849 generis
1232 763 1590 842 inimicam,
1668 784 1791 849 que
1876 759 2141 828 dilatatis
2219 760 2421 849 abque
2497 763 2775 828 termino
2846 761 3123 829 faucibus

583 862 792 917 totum
826 851 954 917 vite
1000 861 1217 916 nostre
1266 861 1479 916 nectar
1524 847 1863 930 absorbuit,
1910 848 2140 916 florem
2173 848 2252 915 de
2297 851 2608 935 germine,
2652 872 2764 916 ver
2805 849 2880 915 ab
2926 873 3119 931 anno,

585 938 790 1005 solem
838 937 916 1005 de
964 936 1230 1019 mundo,
1279 959 1391 1003 cor
1436 935 1514 1003 de
1562 935 1757 1004 corde
1795 938 2042 1023 carpsit,
2088 937 2248 1018 tulit,
2295 936 2542 1004 sustulit
2589 949 2652 1004 et
2698 937 2922 1005 evulsit
2971 991 2983 1003 .
3037 991 3051 1004 .
3105 992 3118 1004 .

586 1025 946 1093 Fundamus
977 1024 1292 1106 libamina,
1336 1047 1417 1090 ne
1450 1024 1612 1091 forte
1645 1026 1820 1112 quasi
1852 1047 1963 1111 per
1994 1026 2211 1111 ignem
2245 1024 2697 1092 detrimentum
2740 1026 3017 1112 accipiat.
3054 1078 3068 1092 .
3106 1079 3119 1091 .

586 1113 688 1180 Ad
764 1137 842 1180 ue
875 1112 1208 1201 prestanda
1240 1112 1693 1198 obligaciorem
1727 1135 1832 1178 me
1866 1114 2090 1179 ceteris
2122 1135 2545 1199 recognosc0,
2594 1114 2693 1179 cui
2726 1114 2883 1180 sicut
2914 1125 3122 1181 vestre

585 1137 969 1268 testaffiantur
1013 1200 1249 1281 littere,
1310 1201 1472 1266 inter
1526 1201 1762 1286 agonie
1818 1198 2083 1266 sudores
2131 1212 2192 1267 et
2260 1222 2635 1287 suppremos
2682 1199 2860 1268 alitus
2916 1202 3123 1287 rigen-

585 1288 750 1356 tibus
799 1287 1099 1370 menbriS,
1149 1286 1492 1354 calentibus
1538 1289 1640 1354 vix
1685 1286 2033 1374 precordiis
2079 1289 2175 1353 sui
2222 1289 2601 1354 memoriam
2650 1287 2977 1375 delegavit.
3048 1290 3123 1355 Et

585 1400 802 1444 revera
848 1378 901 1441 si
946 1378 1072 1442 vita
1118 1377 1234 1442 hec
1283 1376 1509 1441 misera
1555 1377 1813 1462 pauperi
1857 1387 2269 1461 prorogatur,
2318 1376 2683 1457 ostendam,
2744 1374 2918 1464 quod
2964 1375 3122 1442 fides

585 1463 799 1546 firma,
868 1462 1120 1530 dilectio
1169 1462 1466 1543 radicata,
1524 1464 1751 1529 veritas
1814 1461 2076 1528 solidata
2123 1465 2347 1529 mortis
2395 1463 2684 1545 stimulo,
2740 1466 2866 1531 vite
2924 1476 3124 1530 exter-

589 1553 819 1633 mini0,
886 1553 1170 1637 corporis
1237 1549 1483 1617 excidio
1550 1573 1683 1615 non
1745 1549 2059 1638 peribunt.
2156 1551 2491 1632 Ceterum,
2554 1563 2858 1639 quantum
2914 1553 3121 1639 ipsum

586 1639 983 1726 provincialis
1017 1638 1299 1705 dilexerit
1338 1649 1730 1726 quantusque
1766 1637 1952 1704 dolor
1983 1660 2099 1725 pro
2134 1640 2266 1704 eius
2311 1640 2575 1705 transitu
2607 1640 2814 1726 ipsum
2849 1642 3123 1721 torserit,

587 1751 712 1793 vox
743 1739 1030 1815 quassata
1058 1727 1362 1813 suspiriis,
1410 1745 1770 1812 exasperata
1800 1725 2089 1814 quereliS,
2132 1728 2430 1794 comitata
2461 1726 2731 1792 lacrimis
2761 1726 3121 1793 testabatur.

587 1816 897 1902 Proponit
956 1837 1211 1903 quoque
1276 1832 1392 1880 etc.
1492 1814 1709 1901 Itaque
1769 1813 1947 1901 hanc*
1995 1815 2320 1881 materiam
2387 1813 2611 1881 odiens
2678 1826 2740 1881 et
2801 1814 3123 1882 fastidiens

587 1926 862 1990 pennam
908 1925 1121 1989 pono,
1179 1924 1311 1968 non
1360 1901 1506 1967 colo
1555 1901 1945 1982 chalamum,
2005 1902 2269 1968 restituo
2316 1903 2527 1969 stilum
2586 1901 2785 1968 stallo,
2879 1902 3121 1970 Valete.

799 2076 909 2130 Fol.
938 2093 1020 2147 90.
1078 2076 1141 2130 T.
1170 2075 1235 2129 de
1262 2076 1560 2147 Kirchperg
1585 2076 1720 2130 wird
1756 2077 1900 2129 noch
1928 2077 1978 2128 in
2010 2077 2155 2129 einer
2179 2077 2480 2147 Rechnung
2506 2094 2612 2130 von
2637 2076 2955 2147 (ungefassihr)
2988 2092 3117 2145 1273

589 2164 849 2218 erwahnt.
906 2165 977 2217 Es
1016 2163 1201 2235 folgen
1238 2182 1346 2218 von
1384 2164 1605 2217 anderer
1642 2163 1798 2217 Hand
1835 2165 1977 2217 noch
2015 2164 2126 2217 drei
2152 2163 2482 2218 Trostbriefe
2520 2181 2716 2235 wegen
2754 2164 3125 2218 verstorbener

588 2252 801 2306 Br1'1der.
863 2253 944 2305 Im
984 2253 1210 2305 zweiten
1248 2253 1313 2305 ist
1353 2269 1409 2305 es
1450 2253 1535 2305 ein
1574 2251 1796 2317 Lektor3
1835 2252 1907 2304 im
1946 2252 2139 2305 dritten
2176 2251 2311 2305 wird
2348 2252 2709 2306 anscheinend
2746 2254 2864 2305 eine
2901 2252 3121 2305 hervor-

587 2339 821 2410 ragende
858 2339 1277 2393 Personlichkeit
1317 2341 1486 2407 (einer
1532 2338 1625 2392 der
1670 2341 1724 2392 in
1762 2340 1865 2392 den
1914 2339 2173 2409 siebziger
2219 2339 2415 2410 Jahren
2463 2339 2845 2392 verstorbenen
2885 2338 3122 2393 Ordens·

588 2426 900 2497 generale?)
938 2426 1277 2496 geschildert,
1318 2427 1400 2480 die
1441 2428 1491 2479 in
1530 2427 1623 2480 der
1661 2426 1885 2479 Basilika
1924 2427 2017 2479 des
2058 2427 2108 2481 h.
2147 2427 2387 2479 Andreas
2428 2426 2697 2496 begraben
2736 2428 2818 2481 ist.

1808 2635 1904 2704 62.

798 2761 933 2825 Der
954 2760 1133 2826 Prior
1158 2784 1276 2826 von
1296 2760 1684 2848 Magdeburg
1715 2760 1882 2826 bittet
1913 2759 2276 2848 Erzbischof
2302 2758 2661 2851 (Giselbert)
2693 2785 2810 2827 von
2842 2762 3122 2842 Bremen,

587 2871 704 2913 von
748 2850 968 2913 seinem
1025 2848 1114 2913 W
1107 2849 1344 2930 unsche,
1393 2849 1536 2936 dass
1580 2848 1686 2914 der
1730 2848 1974 2913 Bruder
2017 2848 2282 2935 Ludwig
2328 2849 2483 2914 nach
2528 2849 2786 2914 Bremen
2827 2848 3124 2936 geschickt

587 2936 806 3016 werde,
855 2957 968 3001 aus
1012 2936 1126 3000 den
1172 2935 1585 3024 angegebenen
1639 2936 1934 3002 Grilnden
1981 2934 2357 3021 abzustehen.
2454 2934 2666 3023 (Nach
2719 2936 2936 3028 1273.)

801 3040 1029 3107 Archie
1077 3041 1298 3127 iscopo
1332 3042 1660 3108 Bremensi
1705 3041 1879 3127 prior
1925 3040 2512 3128 MagdeburgensiS.
2584 3042 2842 3108 Noticia
2889 3040 3124 3108 diutur—

589 3129 733 3193 nior
781 3139 842 3194 et
887 3126 1036 3194 fami
1061 3129 1265 3195 iaritas
1300 3128 1570 3216 amplior
1615 3152 1685 3194 ac
1738 3126 1993 3195 dilectio
2041 3130 2244 3195 maior
2290 3152 2395 3195 me
2441 3128 2518 3195 ad
2548 3141 2756 3196 vestre
2805 3128 3124 3216 dignitatis

588 3215 930 3302 penetralia
959 3215 1208 3282 liberius
1242 3216 1672 3297 introducunt,
1715 3216 1798 3283 ita
1831 3234 1899 3283 ut
1930 3214 2235 3282 fidencius
2268 3215 2448 3283 vobis
2483 3239 2803 3303 exponere
2836 3216 3122 3298 audeam,

589 3326 709 3391 que
742 3322 948 3370 vestre
981 3303 1461 3391 magnificencie
1494 3303 1684 3371 decus
1727 3315 2000 3457 augeant
2033 3315 2095 3370 et
2126 3302 2446 3371 decorem.
2526 3303 2809 3371 Intellexi
2841 3304 3122 3393 quidem,

589 3390 761 3479 quod
792 3414 910 3478 pro
958 3390 1145 3459 fratre
1176 3391 1526 3459 Lodewico
1575 3393 1802 3459 mitten
1851 3415 1892 3458 o
1925 3393 1990 3457 in
2023 3392 2317 3458 Bremam
2361 3415 2579 3479 preces
2612 3392 2883 3459 multum
2926 3394 3125 3479 porri-

588 3480 733 3564 gitis
780 3478 1101 3560 efficaceS,
1149 3503 1299 3568 quas
1345 3503 1480 3545 non
1526 3478 1859 3547 admittere
1904 3502 2095 3566 grave
2144 3491 2237 3546 est
2282 3492 2541 3567 propter
2586 3492 2793 3547 vestre
2840 3481 3123 3566 indigna-

588 3568 781 3633 tionis
840 3565 1284 3649 formidinem,
1347 3566 1681 3634 admittere
1728 3590 1883 3633 vero
1931 3567 2134 3634 multo
2194 3569 2443 3653 gravius
2498 3579 2758 3655 propter
2812 3566 3123 3654 legitimas

591 3678 825 3735 causaS,
873 3677 1025 3741 quas
1072 3654 1375 3721 libencius
1420 3655 1644 3721 vestris
1690 3654 1939 3720 auribus
1986 3678 2176 3743 quam
2223 3655 2425 3722 littere
2478 3653 3025 3736 commendarem,
3073 3658 3124 3720 si

589 3766 694 3809 me
738 3741 920 3808 vobis
967 3740 1341 3809 reddidisset
1394 3742 1518 3808 loci
1566 3741 2019 3829 compendium
2083 3744 2502 3830 propriorem.
2597 3741 2855 3810 Credite
2911 3754 3122 3810 autem

590 3832 653 3894 in
686 3830 945 3896 veritate
1036 3829 1246 3895 allium
1279 3829 1380 3896 vel
1425 3829 1665 3917 paleam
1715 3853 1850 3896 non
1893 3829 2183 3911 habente,
2231 3829 2404 3917 quod
2438 3829 2600 3897 ordo
2649 3853 2835 3918 prom
2880 3832 3123 3897 tissime

589 3917 809 3984 vestris
856 3852 1109 3984 nutibus
1157 3916 1371 3984 obedit
1428 3918 1492 3983 in
1539 3919 1819 4003 magniS,
1882 3940 2005 4005 que
2051 3917 2128 3984 ad
2186 3919 2377 3985 vestri
2426 3918 2691 3985 honoris
2749 3941 2820 3985 ce
2869 3930 2977 3985 ent
3031 3919 3125 3984 in-

591 4023 1011 4085 crementum,
1071 4004 1215 4071 licet
1262 4003 1692 4072 difficultatem
1755 4028 1832 4071 ex
1880 4028 2098 4086 causa,
2164 4029 2320 4093 que,
2387 4008 2438 4072 si
2485 4005 2665 4072 vobis
2729 4019 2882 4073 nota
2939 4018 3123 4086 esset,

589 4091 906 4159 videretur
969 4090 1319 4174 sufficienS,
1381 4093 1561 4160 faciat
1622 4094 1685 4158 in
1747 4093 1871 4158 hoc
1933 4114 2149 4178 parvo.
2245 4093 2434 4179 Rogo
2501 4093 2690 4177 igitur
2754 4105 2817 4160 et
2878 4093 3122 4174 hortor,

635 4191 895 4246 uantum
951 4178 1156 4246 audeo
1205 4193 1267 4246 et
1322 4204 1622 4269 possum,
1686 4192 1994 4268 quatenus
2050 4180 2124 4247 ab
2172 4181 2287 4247 hac
2334 4182 2652 4268 peticione
2702 4193 2766 4248 et
2821 4180 3125 4247 similibus

589 4204 917 4334 desistatis
967 4267 1031 4333 Si
1058 4269 1226 4334 enim
1251 4270 1472 4334 vestris
1504 4291 1810 4355 pauperes
1833 4267 2121 4354 precibus
2153 4267 2519 4335 huiusmodi
2543 4267 2767 4335 cedere
2790 4270 3124 4355 cogeretis,

589 4356 705 4441 ipsi
752 4354 925 4421 fratri
969 4354 1391 4444 L(odewico)
1441 4379 1576 4421 non
1623 4357 1988 4442 proveniret
2050 4355 2127 4423 ad
2175 4354 2594 4422 commodum
2647 4368 2708 4423 et
2753 4355 2833 4423 ad
2879 4379 3123 4443 pacem,

589 4442 762 4530 quod
825 4465 959 4508 non
1014 4465 1355 4529 possumus
1415 4446 1785 4524 immutare,
1899 4444 2029 4525 uia,
2095 4463 2162 4510 ut
2217 4443 2577 4511 familiarius
2636 4443 2817 4510 vobis
2874 4444 3123 4532 loquor,

589 4552 776 4616 super
808 4531 931 4597 hoc
966 4533 1422 4599 constitutione
1454 4530 1724 4619 quadam
1757 4466 1937 4598 valde
1969 4555 2186 4598 severa
2218 4533 2409 4599 utitur
2442 4531 2605 4598 ordo
2638 4543 2879 4612 noster,
2928 4531 3122 4619 quod,

589 4619 945 4706 quicunque
1013 4618 1200 4687 frater
1270 4619 1503 4685 directe
1574 4620 1672 4686 vel
1748 4617 2054 4686 indirecte
2124 4621 2212 4686 sic
2281 4643 2349 4686 se
2427 4620 2590 4686 mitti
2675 4621 3122 4707 procuraverit,
