3505 5335
406 337 451 405 J.
496 351 513 386 1
530 334 646 404 276.
1580 332 1772 386 Briefe.
2824 334 2936 398 103

409 494 859 582 propensiore,
921 491 1230 577 stringere
1277 492 1556 558 tenacius
1602 490 1850 576 glutino
1898 488 2192 571 fortiore,
2254 512 2414 577 quos
2460 489 2583 554 Dei
2631 507 2943 554 noverant

388 580 802 648 ⁴domesticos
870 591 931 646 et
995 580 1268 660 amicOS,
1346 602 1464 645 nec
1527 579 1644 645 ista
1712 576 1791 643 ad
1854 578 2279 664 insipientiam
2344 575 2479 642 sibi.
2589 576 2759 642 Nam
2828 576 2942 642 sub

410 682 732 736 tantorum
765 678 1014 755 patrum
1046 666 1343 754 presidi0,
1391 665 1686 747 sollertia,
1734 666 2088 753 patrocinio
2123 677 2185 732 et
2215 664 2408 732 tutela
2438 665 2504 730 in
2536 663 2661 730 fide
2694 662 2942 730 stabiles

413 769 472 824 et
516 759 582 823 in
615 779 810 844 opere
859 754 1143 821 efficaces
1186 754 1612 841 dirigebantur
1658 753 1736 819 ad
1784 752 2087 836 salutaria,
2135 752 2607 820 retrahebantur
2654 775 2688 817 a
2736 753 2943 817 noxiis

410 857 472 912 et
527 847 628 932 pie
677 845 1187 911 conversacionis
1244 855 1659 929 augmentum
1709 853 1771 908 et
1830 842 2203 909 continuum
2262 839 2472 907 divine
2528 841 2943 927 protectionis

410 933 706 1000 auxilium
753 943 1140 998 meruerunt.
1236 933 1320 997 At
1368 942 1435 997 ut
1483 941 1734 997 constet
1793 929 2120 996 immobile
2170 929 2443 995 duorum
2503 927 2796 1014 exemplo
2843 927 2944 993 vel

409 1023 600 1088 trium
673 1021 930 1087 testium
1002 1019 1264 1086 verbum
1328 1017 1525 1085 istud:
1596 1041 1741 1085 ecce
1808 1016 1884 1083 ad
1952 1017 2169 1084 tubam
2223 1016 2659 1104 propheticam
2716 1015 2944 1096 David,

410 1111 516 1199 qui
576 1111 641 1175 in
702 1130 852 1174 saxo
909 1106 1100 1174 funde
1162 1107 1595 1173 humiliaverat
1666 1105 2123 1172 exaltacionem
2182 1105 2401 1186 Golie,
2470 1122 2806 1191 postquam
2865 1103 2944 1169 de

411 1196 655 1264 ovicula
701 1197 990 1283 pauperis
1023 1195 1198 1262 cibos
1245 1206 1567 1281 paraverat
1597 1193 2034 1282 pe(re)grin0,
2084 1204 2504 1280 compunctus
2554 1203 2614 1258 et
2703 1193 2945 1257 erterri-

410 1298 508 1352 tus
555 1284 1014 1372 paradigmate,
1062 1284 1351 1371 peccavi,
1412 1284 1642 1370 inquit,
1703 1293 1766 1348 et
1810 1295 2140 1369 peccatum
2200 1280 2435 1347 audivit
2489 1291 2658 1346 trans
2685 1291 2855 1345 atum
2913 1303 2946 1344 a

412 1373 590 1460 culpa
631 1372 707 1438 ad
737 1373 1011 1452 veniam,
1060 1371 1137 1437 ad
1168 1372 1644 1458 ignoscenciam
1675 1394 1751 1436 ex
1799 1390 1991 1438 reatu.
2064 1370 2256 1436 Ozias
2304 1370 2368 1433 in
2403 1366 2620 1434 diebus
2653 1367 2945 1433 Zacharie

411 1461 680 1528 videntis
727 1460 1050 1547 requisivit
1090 1458 1426 1525 dominum
1474 1479 1535 1525 et
1582 1481 1823 1524 nomen
1875 1460 2008 1525 eius
2054 1475 2314 1545 propter
2362 1455 2605 1522 crebras
2652 1456 2946 1522 victorias

412 1573 608 1637 usque
669 1546 747 1614 ad
792 1548 999 1634 Egipti
1059 1548 1390 1613 introitum
1446 1545 1831 1633 vulgabatur.
1924 1546 2032 1612 Ille
2092 1568 2375 1633 quoque,
2437 1546 2543 1633 qui
2588 1543 2826 1609 florens
2880 1544 2945 1608 in

411 1636 650 1724 palacio
709 1659 825 1701 suo
884 1654 943 1702 et
992 1637 1237 1723 quietus
1294 1637 1358 1701 in
1419 1635 1619 1701 domo
1678 1658 1789 1700 sua
1848 1658 2060 1701 rerum
2116 1656 2434 1699 summam
2483 1643 2544 1698 et
2598 1653 2945 1717 regnorum

411 1726 614 1792 tenuit
660 1723 1128 1804 monarchiam,
1188 1722 1266 1789 ad
1313 1722 1637 1790 oraculum
1686 1722 1969 1789 Danielis
2016 1733 2269 1809 peccata
2315 1743 2426 1786 sua
2473 1719 2837 1785 elemosinis
2886 1739 2947 1785 et

411 1813 770 1900 iniquitates
794 1835 935 1878 suas
963 1809 1410 1878 misericordiis
1434 1833 1782 1898 pauperum
1815 1809 2182 1877 redimebat.
2232 1809 2451 1890 Quare
2483 1810 2606 1874 iam
2633 1806 2947 1873 veteribus

412 1902 647 1967 utimur
694 1901 879 1966 novis
912 1899 1536 1986 supervenientibus?
1608 1899 1739 1965 Cur
1772 1922 1905 1965 non
1938 1899 2181 1985 pocius,
2229 1895 2403 1985 quod
2448 1919 2572 1961 una
2619 1893 2766 1976 fide,
2815 1918 2945 1960 uno

415 1990 629 2076 spiritu
692 1986 804 2053 sub
865 1987 1200 2074 complexu
1261 1988 1445 2054 unius
1504 1986 1722 2073 lapidis
1784 1987 2096 2073 angularis
2155 1997 2328 2052 vates
2390 1995 2829 2050 convenerunt
2886 2002 2946 2048 et

412 2078 726 2163 principes
773 2074 1166 2162 profitemur.
1247 2075 1451 2156 Multi,
1499 2077 1582 2141 ait
1625 2076 1875 2156 veritaS,
1921 2098 2105 2162 reges
2146 2085 2208 2140 et
2254 2071 2564 2160 prophete
2610 2070 2949 2138 voluerunt

414 2164 646 2246 videre,
695 2187 817 2251 que
850 2162 1095 2244 videtis,
1145 2175 1206 2230 et
1237 2162 1472 2244 audire,
1520 2186 1641 2250 que
1674 2163 1919 2245 auditis,
1967 2174 2288 2249 tamquam
2324 2162 2388 2226 in
2436 2171 2761 2226 auctorem
2801 2156 2948 2224 fidei

416 2264 477 2318 et
510 2263 1100 2318 consummatorem
1131 2251 1386 2318 Ihesum
1436 2263 1610 2318 totos
1659 2275 1797 2317 sese
1833 2248 2311 2338 disciplinabiles
2360 2247 2757 2335 spiritualiter
2797 2269 2949 2312 con-

414 2351 748 2406 vertentes,
841 2340 983 2406 Nos
1045 2340 1235 2425 igitur
1290 2363 1515 2426 regum
1573 2362 2000 2421 successoreS,
2057 2361 2175 2404 vos
2237 2336 2690 2424 prophetarum
2749 2335 2950 2400 imita-

414 2432 639 2508 tores,1
687 2450 807 2492 nos
854 2429 1255 2514 regnantium
1305 2427 1661 2508 domestici,
1708 2451 1826 2494 vos
1874 2426 1987 2492 sub
2035 2425 2246 2492 celesti
2339 2423 2559 2490 oliceia
2605 2424 2772 2488 cives
2804 2423 2948 2503 Dei,

415 2539 536 2581 nos
583 2515 786 2581 homo
835 2527 1015 2582 natus
1079 2513 1157 2581 ad
1202 2514 1515 2597 laborem,
1576 2538 1693 2582 vos
1741 2517 1871 2582 avis
1919 2513 2214 2580 subvecta
2261 2448 2493 2579 alarum
2542 2511 2815 2596 remigio
2873 2508 2950 2575 ad

415 2602 781 2685 volandum,
829 2626 946 2670 vos
979 2627 1200 2670 semen
1233 2604 1499 2686 bonum,
1549 2602 1723 2692 quod
1756 2606 1820 2670 in
1852 2615 2084 2671 terram
2119 2600 2344 2669 cecidit
2376 2599 2705 2681 obtimam,
2747 2597 2951 2664 fructu

415 2691 742 2780 multiplici
797 2691 1193 2773 redimitum,
1251 2716 1370 2758 nos
1418 2715 1673 2773 semen,
1729 2690 1904 2780 quod
1952 2717 2027 2758 ex
2084 2690 2680 2756 amministracionis
2727 2685 2953 2752 sollici-

415 2780 633 2847 tudine
697 2781 977 2867 positum
1055 2782 1220 2846 inter
1284 2782 1492 2867 spinas
1558 2780 1656 2847 vel
1727 2780 1902 2869 quod
1969 2782 2139 2846 iuxta
2215 2779 2382 2845 viam
2448 2776 2950 2843 commeantium

417 2868 765 2956 frequentia
810 2867 1220 2955 perfocatur.²
1309 2868 1587 2936 Proinde
1635 2868 1713 2934 ad
1760 2892 1949 2958 quam
1997 2866 2219 2934 dilecta
2272 2864 2665 2933 tabernacula
2712 2862 2951 2929 ordinis

415 2957 605 3022 vestri
671 2957 736 3021 in
796 2956 1286 3022 absconsionem
1356 2975 1416 3023 et
1479 2958 1875 3024 sanctitatem
1937 2954 2215 3022 fidelium
2283 2952 2357 3019 ab
2424 2964 2558 3019 estu
2626 2963 2687 3018 et
2745 2950 2952 3038 pluvia

416 3054 739 3130 preparata
786 3063 846 3109 et
892 3046 1198 3124 tentoria,
1256 3067 1377 3131 que
1426 3043 1561 3110 fixit
1607 3043 1937 3125 dominus,
1994 3053 2436 3130 properanteS,
2494 3040 2948 3125 benignitatem

416 3141 689 3196 vestram
725 3129 1072 3211 desideriiS,
1119 3130 1343 3217 quibus
1394 3154 1757 3218 possumus,
1808 3154 2163 3212 exoramuS,
2213 3140 2519 3216 quatenus
2568 3130 2731 3194 inter
2772 3125 2953 3193 obse·

420 3220 762 3299 crationeS,
831 3219 1182 3299 orationeS,
1257 3218 1759 3305 postulacioneS,
1823 3219 2169 3304 graciarum
2244 3218 2555 3296 actioneS,
2618 3238 2769 3303 quas
2877 3238 2951 3279 ro

421 3305 746 3386 omnibuS,
804 3308 910 3394 qui
956 3306 1020 3370 in
1068 3305 1445 3373 sublimitate
1501 3306 1692 3393 positi
1737 3324 1913 3386 sunt,
1969 3304 2139 3371 iubet
2195 3303 2330 3370 fieri
2391 3326 2658 3390 magnus
2706 3238 2952 3382 PauluS,

422 3394 624 3459 nostri
686 3415 1010 3460 memores
1071 3411 1132 3459 et
1199 3393 1410 3460 inclite
1482 3395 1799 3460 consortis
1856 3404 2073 3459 nostre
2138 3395 2326 3458 Anne
2395 3414 2651 3458 necnon
2709 3390 2955 3456 karissi-

418 3504 674 3548 morum
728 3480 1070 3548 liberorum
1119 3500 1488 3548 nostrorum
1536 3505 1670 3548 non
1727 3484 2144 3547 immemores
2193 3480 2499 3558 existatis,
2556 3497 2624 3544 ut
2672 3476 2749 3544 ad
2793 3479 2952 3544 veri-

416 3570 557 3636 tatis
604 3570 1011 3655 agnicionem
1058 3571 1341 3656 promoti
1387 3568 1783 3658 tranquillam
1834 3581 1895 3636 et
1941 3569 2217 3657 quietam
2265 3568 2458 3634 vitam
2509 3590 2655 3633 cum
2701 3567 2952 3653 pietate,

419 3681 540 3745 que
587 3669 812 3724 tronos
866 3657 1154 3739 roborat,
1214 3659 1652 3744 transigamus
1746 3656 1847 3723 Ad
1908 3657 2034 3723 hoc
2090 3653 2522 3723 venerandum
2573 3667 2634 3721 et
2688 3653 2954 3720 sublime

352 3773 356 3777 *
420 3744 696 3812 crucifixi
743 3746 1119 3831 negocium,
1184 3747 1358 3812 cuius
1406 3748 1657 3832 signum
1709 3769 1855 3812 cum
1905 3744 2116 3812 multis
2163 3745 2311 3811 viris
2357 3741 2710 3829 magnificis
2770 3741 2953 3808 nobis

419 3835 872 3920 assumpsimus
905 3833 1019 3899 sub
1067 3832 1299 3900 florido
1330 3835 1638 3901 Nazareni
1685 3833 1869 3899 titulo
1909 3833 2272 3920 glorianteS,
2318 3831 2542 3898 habeat
2588 3830 2701 3897 sibi
2748 3841 2954 3898 vestra

421 3919 689 3987 devocio
725 3921 1269 4003 commendatum,
1303 3934 1610 4010 quatenus
1642 3923 1897 3989 victrice
1916 3922 2039 3987 Dei
2073 3920 2325 3988 dextera
2356 3920 2655 3987 virtutem
2687 3918 2952 3985 faciente

423 4020 483 4074 et
539 4008 914 4075 mirabilium
973 4033 1234 4076 suorum
1294 4011 1669 4077 memoriam
1737 4021 2087 4076 renovante
2147 4009 2375 4076 fastum
2441 4008 2835 4095 Egiptiacum
2894 4017 2954 4072 et

423 4095 734 4162 feritatem
782 4097 1105 4163 barbaram
1139 4097 1586 4165 conculcemus
1636 4110 1697 4165 et
1743 4098 2022 4185 purgatis
2070 4095 2701 4163 abhominacionibus
2730 4105 2954 4181 gentes

421 4183 691 4250 revelata
749 4183 905 4251 facie
962 4184 1109 4252 fidei
1166 4186 1434 4272 gloriam
1491 4185 1925 4273 speculentur,
1992 4184 2070 4252 ad
2115 4186 2331 4251 matris
2391 4184 2708 4271 gremium
2757 4200 2817 4248 et
2877 4179 2955 4247 ad

420 4273 689 4373 pastoris
738 4272 904 4339 ovile
953 4272 1029 4340 de
1078 4272 1205 4361 lupi
1250 4272 1528 4340 faucibus
1576 4271 1955 4340 reducende.
2049 4274 2313 4360 Semper
2366 4272 2528 4338 bene
2574 4270 2773 4337 valeat
2818 4270 2956 4336 uni-

420 4372 679 4427 versitas
724 4372 949 4427 vestra.

638 4510 652 4537 ¹
692 4473 966 4555 initatores
1005 4474 1107 4556 HS.
1256 4509 1276 4539 ²
1313 4502 1615 4572 prefocatur
1653 4503 1756 4555 HS.

633 4624 744 4678 Fol.
789 4641 902 4694 135.
979 4625 1245 4678 Gedruckt
1283 4625 1688 4690 Winkelmann‚
1738 4624 1875 4678 Acta
1923 4625 2128 4694 imperii
2172 4623 2366 4676 inedita
2406 4624 2476 4688 ΙΙ,
2533 4622 2633 4691 764
2670 4623 2762 4675 Nr.
2807 4638 2955 4693 1097.

425 4711 675 4766 Daselbst
696 4714 759 4765 ist
781 4713 873 4765 das
891 4714 1179 4767 Schreiben
1197 4713 1447 4766 Heinrich
1467 4730 1575 4766 von
1590 4713 1882 4780 Karnthen,
1910 4712 2091 4781 Konig
2111 4728 2216 4764 von
2234 4711 2406 4763 Bohm
2415 4728 2495 4775 en,
2524 4710 2957 4779 zugeschrieben,
