3505 5335
425 369 477 438 J.
526 369 672 439 1289.
1600 367 1790 422 Briefe.
2852 375 2874 418 1
2888 372 2973 437 47

430 528 982 681 pDriorestuunr
1027 526 1478 613 provincialem
1543 525 1864 613 condigne
1933 527 2139 614 puniri
2203 538 2503 614 poterunt
2571 526 2968 594 excedentes,

500 626 672 681 atum
785 636 1007 681 reveri.

651 798 668 826 ¹
707 790 916 843 extititit
952 790 1056 843 HS.
1203 796 1224 825 ²
1258 788 1497 860 Doppelt
1534 789 1637 842 HS.

647 947 759 1005 Fol.
803 961 917 1016 174.
991 948 1104 1001 Der
1139 946 1289 1000 Brief
1319 948 1385 1000 ist
1422 963 1551 1000 vom
1591 946 1724 1000 Orte
1778 947 1870 999 des
1910 945 2365 1017 Generalkapitels
2415 946 2618 1000 datiert.
2694 937 2839 1001 Uber
2878 947 2969 999 das

435 1035 652 1089 Kloster
687 1035 949 1088 Eisenach
989 1034 1095 1105 vgl.
1123 1035 1275 1101 Rein,
1316 1035 1425 1088 Das
1455 1033 2041 1088 Dominikanerkloster
2078 1034 2129 1085 in
2159 1033 2439 1099 Eisenach,
2478 1035 2551 1087 im
2576 1035 2969 1106 Jahresbericht

429 1124 565 1176 siber
613 1123 706 1176 das
760 1122 1063 1177 Grossherz.
1104 1122 1461 1194 Gymnasium
1507 1140 1569 1175 zu
1606 1122 1871 1175 Eisenach
1924 1122 2074 1190 1857.
2149 1122 2329 1176 Erster
2365 1122 2513 1175 Prior
2559 1122 2653 1176 des
2695 1138 2823 1193 1235
2876 1139 2970 1194 ge-

427 1211 730 1281 grfindeten
779 1211 1022 1264 Klosters
1071 1229 1183 1264 war
1230 1210 1368 1264 Graf
1406 1210 1569 1281 Elger
1626 1227 1735 1264 von
1783 1210 2143 1275 Hohenstein;
2205 1212 2334 1263 siber
2384 1211 2474 1264 ihn
2520 1210 2627 1280 vgl.
2677 1211 2871 1282 Jacobs
2918 1213 2970 1264 in

434 1299 632 1353 Ztschr.
682 1299 730 1354 d.
770 1299 1118 1352 Harzvereins
1168 1299 1261 1352 Bd.
1304 1315 1385 1367 13,
1429 1315 1507 1369 19.
1583 1298 1735 1352 Nach
1783 1299 1917 1352 Rein
1966 1299 2017 1352 S.
2063 1314 2083 1367 5
2135 1316 2248 1351 war
2299 1298 2435 1353 1260
2480 1300 2531 1351 in
2570 1299 2832 1352 Eisenach
2879 1299 2970 1352 das

435 1386 953 1457 Provinzialkapitel;
1002 1388 1052 1441 S.
1094 1402 1122 1455 7
1172 1385 1403 1439 daselbst
1451 1386 1536 1439 die
1583 1386 1840 1456 Legenda
1891 1385 1955 1439 de
2003 1385 2244 1439 fratribus
2297 1396 2591 1440 conventus
2640 1386 2969 1440 Isenacensis

428 1476 692 1529 erwa‘ihnt.

1639 1629 1775 1699 130.

646 1756 1054 1844 Auftragnan
1086 1755 1199 1821 den
1233 1755 1412 1820 Prior
1456 1778 1573 1820 von
1608 1756 1697 1821 W
1691 1757 1940 1844 impfen‚
1983 1756 2101 1820 den
2138 1755 2510 1822 Schwestern
2556 1779 2674 1822 von
2706 1744 2967 1822 Michel-

429 1845 568 1917 feld
612 1844 707 1909 bez·
748 1844 856 1909 der
911 1841 1379 1928 Ubersiedelung
1438 1843 1594 1908 nach
1646 1842 2137 1910 Schwc'ib.-Hall
2191 1843 2320 1908 und
2359 1856 2521 1908 sonst
2576 1843 2965 1930 beizustehen.

439 1929 690 2021 (1289)

649 2037 1048 2105 Commissio
1098 2058 1395 2102 sororum
1446 2034 1523 2101 de
1564 2035 1975 2103 Michelvelth
2020 2037 2214 2124 priori
2256 2036 2704 2124 Wimpinensi.
2798 2038 2969 2118 Quia

429 2148 691 2192 sorores
740 2124 818 2192 de
864 2121 1274 2192 Michelvelth
1322 2122 1401 2189 de
1448 2146 1766 2190 consensu
1815 2122 2156 2205 diocesani,
2205 2136 2274 2191 ut
2321 2122 2564 2205 dicitur,
2619 2148 2687 2191 se
2776 2148 2968 2212 ropo-

436 2226 597 2281 nunt
655 2213 990 2280 transferre
1054 2214 1116 2278 in
1176 2209 1399 2291 Hallis,
1467 2230 1534 2278 ut
1600 2210 1834 2277 ibidem
1905 2210 2173 2278 domino
2235 2212 2504 2299 quietius
2567 2147 2966 2294 famulentur,

433 2301 805 2388 benignitati
853 2313 1061 2368 vestre
1108 2301 1271 2386 ipsas
1326 2299 1723 2385 presentibus
1772 2298 2268 2382 recommendo,
2332 2322 2601 2386 rogans,
2658 2312 2965 2388 quatenus

432 2412 583 2470 νος,
641 2391 745 2477 qui
794 2388 1092 2455 omnibus
1149 2387 1366 2453 omnia
1422 2385 1565 2453 facti
1624 2389 1802 2469 estis,
1860 2389 2054 2475 ipsas,
2110 2398 2300 2474 prout
2354 2386 2706 2454 secundum
2750 2388 2963 2455 Deum

432 2478 722 2563 poteritis
770 2489 831 2543 et
878 2477 1078 2544 nostri
1126 2473 1366 2542 ordinis
1414 2475 1850 2557 honestatem,
1898 2474 1974 2541 ad
2022 2474 2306 2541 salutaria
2354 2473 2661 2562 dirigatis,
2718 2488 2964 2543 tantum

432 2563 665 2631 exinde
720 2563 1049 2646 facienteS,
1116 2576 1184 2631 ut
1247 2584 1315 2627 se
1375 2562 1453 2629 de
1520 2562 1949 2629 benivolentie
2005 2581 2212 2629 vestre
2270 2585 2535 2629 munere
2598 2565 2844 2650 possint
2901 2567 2964 2630 in

431 2651 705 2719 domino
754 2651 1228 2721 commendare.
1322 2650 1564 2719 Valete.

647 2829 758 2883 Fol.
802 2843 901 2897 174
918 2841 971 2883 v,
1046 2828 1427 2882 Anscheinend
1462 2828 1551 2880 hat
1591 2827 1673 2879 die
1713 2817 2136 2897 Ubersiedelung
2176 2828 2318 2881 nicht
2355 2797 2769 2898 stattgefunden.

1640 3016 1774 3085 131.-

656 3142 1146 3229 Ordensgeneral
1191 3140 1464 3231 (Mun-io)
1513 3142 1643 3206 teilt
1693 3142 1826 3206 clem
1875 3142 2153 3228 Bischofe
2200 3139 2512 3231 (Konrad)
2562 3167 2679 3208 von
2731 3144 2965 3233 Strass-

432 3232 593 3319 burg
638 3231 751 3296 den
803 3230 988 3317 Gang
1034 3230 1140 3294 der
1196 3228 1701 3315 Verlyandlungen
1749 3230 1813 3294 in
1855 3229 1944 3294 W
1938 3251 2098 3294 orms
2141 3252 2350 3315 wegen
2396 3229 2503 3295 der
2539 3230 2968 3319 Strassburger

436 3318 907 3405 Angelegenheit
937 3320 1067 3397 mit,
1116 3316 1365 3396 erklc‘irt‚
1413 3316 1556 3403 dass
1586 3316 1681 3381 die
1713 3316 1954 3381 Briider
1984 3317 2115 3404 fest
2145 3315 2385 3395 himen,
2433 3317 2598 3382 bittet
2633 3341 2735 3383 um
2767 3322 2966 3384 seinen

436 3407 663 3492 Schutz
706 3406 834 3471 und
862 3428 966 3470 um
997 3407 1091 3470 ein
1125 3405 1306 3469 Hans
1335 3407 1459 3491 sicr
1489 3404 1584 3468 die
1619 3402 2050 3491 Strassburger
2080 3403 2319 3469 Briider
2363 3408 2425 3468 in
2471 3407 2666 3470 seiner
2697 3407 2965 3472 Didicerat

446 3497 709 3561 Worms.
804 3491 1027 3580 (1289,
1076 3493 1244 3558 Ende
1290 3493 1440 3574 Jum·
1482 3491 1623 3556 oder
1667 3491 1845 3580 Julz‘.)

646 3599 1097 3684 Argentinensi
1125 3598 1428 3684 episcopo
1456 3598 1758 3683 magister
1778 3595 2036 3662 ordiniS.
2080 3596 2351 3662 Noverit
2375 3609 2578 3664 vestra
2603 3598 2967 3667 excellentia

429 3690 739 3774 gratiosa,
803 3684 976 3774 quod
1023 3684 1405 3751 reverendus
1454 3698 1628 3771 pater
1676 3684 2176 3750 Wormaciensis
2226 3708 2260 3750 e
2307 3686 2558 3772 iscopus
2606 3709 2815 3753 meam
2866 3712 2968 3754 ex-

438 3779 722 3843 hortatus
771 3786 865 3841 est
897 3772 1231 3840 efficaciter
1278 3774 1668 3859 parvitatem,
1717 3770 1891 3859 quod
1923 3772 2207 3838 venirem
2334 3775 2677 3840 ormaciam
2727 3786 2789 3841 et
2822 3799 2964 3842 cum
3039 3820 3048 3831 -

434 3863 674 3930 civibus
721 3859 1291 3948 Argentinensibus
1363 3871 1693 3926 tractarem
1754 3858 2157 3926 amicabiliter
2224 3858 2301 3926 de
2359 3860 2702 3927 concordia
2770 3876 2833 3930 et
2889 3863 2966 3930 de

438 3974 608 4037 pace.
703 3950 835 4030 Qui
882 3950 1230 4029 venienteS,
1279 3949 1439 4014 sicut
1485 3971 1518 4013 a
1564 3948 1905 4035 principio,
1954 3946 2202 4013 illicitos
2248 3947 2541 4015 articulos
2588 3952 2965 4036 petiverunt,

436 4050 535 4105 set
565 4062 648 4104 ne
682 4037 1042 4103 obtinerent
1061 4035 1160 4103 vel
1184 4059 1405 4115 unum,
1439 4036 1588 4122 ipsis
1614 4057 1798 4100 more
1829 4034 2042 4116 solito,
2077 4057 2189 4100 ore
2214 4034 2421 4102 solido
2449 4048 2543 4103 est
2566 4060 2965 4125 responsum.

440 4125 628 4192 Unde
675 4126 945 4212 superati
992 4123 1336 4191 rationibus
1385 4124 1449 4188 in
1496 4122 1624 4189 fine
1671 4124 1761 4189 sic
1807 4134 2203 4189 recesserunt
2248 4146 2281 4188 a
2328 4148 2434 4190 me
2481 4136 2779 4213 tanquam
2820 4125 2968 4193 deli-

435 4214 738 4294 beraturi,
804 4224 1014 4279 utrum
1071 4211 1498 4363 τεΙίηἛκηῖεε
1566 4210 1860 4277 articulos
1918 4212 2385 4277 correctionem
2439 4211 2729 4294 fratrum,
2795 4216 2843 4280 si
2903 4216 2964 4280 in

432 4299 646 4389 aliquo
681 4298 1115 4379 offendissent,
1163 4300 1251 4364 mi
1301 4301 1319 4364 i
1352 4299 1861 4377 committerent3
1910 4308 2025 4379 set,
2061 4310 2126 4365 ut
2159 4297 2399 4378 dicitur,
2450 4323 2593 4365 cum
2629 4299 2966 4369 deliberare

436 4399 824 4475 putarentur,
873 4397 1426 4474 congregaverunt
1473 4386 1789 4465 homines,
1837 4408 1998 4472 quos
2047 4385 2274 4452 habere
2319 4399 2641 4473 poterant,
2691 4412 2967 4477 conque—

439 4487 680 4556 rente5‚
738 4474 939 4563 quod,
1002 4476 1147 4541 licet
1191 4473 1424 4541 vellent
1472 4471 1765 4540 articulos
1823 4471 2139 4540 dimittere
2187 4486 2248 4539 et
2304 4476 2370 4539 in
2416 4475 2547 4541 aliis
2595 4499 2661 4541 se
2711 4475 2965 4544 fratrum

437 4564 843 4651 beneplacitis
906 4562 1339 4641 conformare,
1401 4572 1617 4627 tamen
1672 4583 1805 4626 non
1862 4573 2125 4647 possent
2179 4562 2462 4629 invenire
2518 4565 2801 4650 gratiam.
2893 4567 2968 4633 Et

438 4653 557 4718 hiis
606 4651 786 4718 dictis
834 4650 910 4717 ad
957 4651 1207 4738 propria
1254 4662 1399 4716 sunt
1445 4649 1698 4715 reversi.
1790 4648 2051 4714 Interim
2099 4671 2467 4735 processum
2518 4662 2612 4717 est
2658 4653 2719 4717 in
2769 4651 2969 4739 figura

2657 4778 2728 4816 Μ’
