3505 5335
401 341 447 410 J.
489 341 638 412 1289.
1570 340 1762 396 Briefe.
2816 349 2839 392 Ι
2856 347 2885 410 5
2900 347 2943 410 5

402 500 467 564 in
514 521 636 565 nos
682 511 1006 586 tamquam
1053 497 1316 565 arbitros
1373 510 1435 566 et
1480 499 1836 566 amicabiles
1894 501 2361 587 compositores
2410 502 2954 588 compromitten·=-

404 587 572 653 cium
628 585 827 653 finem
884 586 1265 653 dissensioni
1323 587 1746 674 imposuimus
1802 586 1916 653 sub
1977 588 2094 654 hac
2147 587 2373 655 forma.
2478 588 2948 656 Ordinavimus

403 697 706 762 namque,
768 685 836 741 ut
892 675 1089 755 civeS,
1194 675 1256 740 ui
1304 673 1461 740 infra
1517 698 1736 742 muros
1784 675 2279 762 Ratisponenses
2340 674 2572 744 habent
2619 675 2942 743 domicilia

402 763 683 849 propria,
748 762 814 828 in
877 761 1101 849 quibus
1205 761 1470 844 abitant‚
1538 776 1599 831 et
1665 761 1830 850 apud
1892 761 2109 830 fratres
2173 776 2568 830 memoratos
2630 763 2936 851 elegerint

403 848 670 937 sepeliri,
716 851 994 937 primum
1035 848 1394 917 deferantur
1439 850 1516 917 ad
1563 850 2020 938 parrochialem
2055 850 2385 917 ecclesiam
2434 870 2495 918 et
2541 851 2625 918 ibi
2657 875 2781 918 una
2817 875 2939 939 pro

404 939 492 1004 eis
539 939 703 1004 inter
735 939 1003 1023 primam
1050 939 1312 1004 terciam
1343 940 1532 1005 missa
1579 937 1744 1006 dicta
1789 937 1868 1004 ad
1913 938 2174 1006 fratrum
2208 939 2539 1006 ecclesiam
2588 938 2954 1024 referantur*

404 1036 467 1092 et
523 1026 639 1092 hec
699 1023 1055 1112 deportatio
1117 1025 1265 1092 loco
1325 1027 1630 1093 canonice
1689 1027 2002 1114 portionis
2062 1025 2415 1107 habebitur,
2483 1038 2552 1094 ut
2621 1051 2755 1093 non
2817 1027 2936 1094 alia

402 1114 765 1201 requiratur.
844 1112 1045 1194 Quod
1092 1114 1143 1178 si
1190 1112 1634 1181 defunctorum
1681 1125 1974 1201 parentes
2020 1127 2127 1182 aut
2171 1116 2357 1181 amici
2390 1138 2501 1181 cor
2547 1137 2659 1181 ora
2706 1114 2947 1202 depor-

401 1212 532 1267 tare
564 1200 884 1268 noluerint
929 1213 1034 1268 aut
1067 1225 1143 1268 ex
1174 1201 1375 1289 aliqua
1422 1225 1603 1269 causa
1634 1203 2053 1290 nequiverint,
2101 1204 2153 1268 si
2199 1201 2417 1269 fratres
2448 1226 2484 1268 a
2574 1202 2638 1269 id
2671 1226 2933 1290 operam

402 1311 535 1355 non
570 1287 877 1371 dederint,
925 1308 1020 1356 set
1051 1291 1333 1377 requisiti
1380 1291 1824 1357 innocenciam
1858 1313 2036 1356 suam
2083 1313 2195 1378 per
2227 1309 2705 1377 procuratorem
2747 1314 2942 1357 suum

402 1379 467 1442 in
499 1377 700 1443 choro
733 1397 958 1444 nostro
990 1380 1505 1458 monstraverint,
1539 1376 1771 1445 delicto
1806 1401 2197 1467 nequaquam
2235 1378 2498 1445 obnoxii
2529 1379 2940 1446 tenebuntur-

401 1464 610 1531 Alieni
656 1477 866 1531 autern
917 1477 979 1532 et
1027 1467 1304 1532 extranei
1350 1467 1398 1530 si
1448 1467 1512 1531 in
1559 1466 1806 1533 civitate
1853 1465 2130 1554 predicta
2176 1465 2453 1533 defuncti
2498 1464 2747 1548 fuerint,
2796 1490 2931 1532 non

401 1550 896 1640 deportabuntur
962 1575 1314 1640 quoquam,
1379 1555 1430 1619 si
1486 1552 1633 1619 alias
1688 1552 1854 1641 apud
1910 1573 2303 1621 memoratos
2350 1553 2568 1620 fratres
2625 1554 2936 1642 elegerint

402 1639 806 1727 sepulturam.
898 1640 999 1705 De
1053 1642 1343 1726 personis
1390 1653 1633 1722 autem,
1695 1665 1818 1729 que
1864 1641 2093 1729 begine
2140 1653 2479 1723 vocantur,
2538 1654 2599 1708 et
2643 1641 2941 1729 begardis

402 1728 666 1794 civitatis
712 1726 1031 1814 sepedicte
1078 1727 1242 1814 apud
1290 1727 1507 1796 fratres
1554 1730 1727 1816 ipsos
1760 1729 2142 1816 sepulturam
2176 1728 2550 1816 eligentibus
2599 1730 2723 1796 hoc
2755 1730 2940 1796 volu·

401 1838 542 1881 mus
591 1814 929 1896 observari,
977 1813 1151 1902 quod
1181 1816 1282 1882 vel
1327 1815 1406 1882 ad
1451 1840 1592 1883 suas
1639 1817 2059 1904 parrochiales
2093 1817 2384 1884 ecclesias
2431 1815 2788 1884 deferantur
2833 1819 2934 1884 vel

402 1903 549 1990 ipsis
582 1902 859 1969 ecclesiis
892 1925 1008 1989 pro
1043 1902 1282 1970 eisdem
1318 1906 1623 1971 canonica
1663 1907 1876 1992 portio
1910 1905 2319 1992 persolvatur,
2368 1905 2549 1973 salvis
2595 1905 2942 1992 privilegiis

401 1989 640 2058 ordinis
686 1992 812 2057 iam
856 1992 1165 2078 premissi.
1251 1993 1353 2059 De
1400 1993 1773 2080 pauperibus
1820 2006 1882 2060 et
1929 1993 2007 2060 de
2056 1994 2204 2074 hiis,
2266 1994 2371 2081 qui
2419 2016 2535 2080 pro
2584 1992 2943 2060 cottidiano

400 2079 567 2145 victu
631 2102 824 2166 opera
883 2102 993 2144 sua
1055 2077 1296 2161 locant,
1367 2080 1560 2147 nichil
1620 2080 1964 2168 petendum
2035 2094 2158 2162 est,
2233 2100 2330 2147 set
2397 2081 2641 2168 pietatis
2706 2082 2935 2147 intuitu

399 2164 873 2233 remittendum.
943 2167 1234 2234 Preterea
1281 2167 1651 2251 illectiones,
1699 2168 1923 2256 quibus
1970 2168 2155 2257 aliqui
2202 2167 2605 2250 inducuntur,
2654 2178 2735 2235 ne
2767 2168 2946 2255 apud.

400 2254 756 2340 parrochias
802 2255 1085 2342 proprias
1131 2254 1230 2322 vel
1285 2279 1320 2321 a
1365 2255 1450 2322 ud
1493 2255 1713 2323 fratres
1777 2257 2009 2344 eligant
2056 2256 2333 2344 sepeliri,
2392 2255 2726 2323 efficaciter
2785 2279 2935 2343 pro·

402 2340 708 2408 hibemuS.
809 2342 1011 2408 Porro
1071 2341 1244 2430 quod
1345 2367 1379 2410 e
1436 2344 1695 2412 articulo
1756 2345 2083 2412 electionis
2138 2344 2455 2432 sepulture
2512 2344 2750 2411 dictum
2816 2363 2944 2425 est,

401 2429 525 2495 hoc
579 2431 666 2496 sic
723 2431 918 2516 accipi
963 2429 1292 2512 volumus,
1349 2431 1522 2519 quod
1568 2456 1703 2498 non
1758 2434 2106 2520 requiratur
2161 2431 2449 2520 probatio
2510 2433 2787 2519 captiosa
2832 2432 2933 2498 vel

401 2517 625 2584 ordine
671 2516 994 2584 iudiciario
1043 2520 1410 2600 instaurata,
1459 2543 1538 2586 eo
1586 2519 1760 2608 quod
1805 2544 1906 2587 res
1953 2520 2323 2588 dilationem
2369 2542 2505 2586 non
2552 2521 2781 2607 capiat,
2837 2540 2932 2587 set

400 2603 648 2688 sufficit,
697 2606 746 2672 si
781 2604 902 2673 due
933 2605 1034 2674 vel
1080 2625 1206 2674 tres
1283 2630 1512 2676 ersone
1559 2606 1687 2676 fide
1720 2607 1913 2696 digne
1957 2607 2370 2676 testificantur
2404 2631 2620 2675 coram
2661 2606 2936 2696 plebano

400 2693 501 2759 vel
557 2695 690 2760 eius
735 2695 968 2760 vicario
1033 2718 1100 2761 se
1151 2630 1395 2763 augisse
1443 2720 1478 2762 a
1537 2695 1841 2764 defuncto
1889 2697 1992 2764 vel
2036 2696 2356 2777 defuncta,
2413 2695 2667 2785 quando
2729 2695 2934 2763 adbuc

398 2782 656 2864 viveret,
703 2780 876 2870 quod
907 2782 1095 2850 vellet
1141 2783 1306 2871 apud
1352 2783 1709 2871 sepedictos
1755 2784 1973 2852 fratres
2021 2785 2286 2872 sepeliri.
2357 2784 2665 2851 Plebanus
2697 2803 2944 2865 autem,

399 2871 450 2934 si
495 2869 692 2936 verbo
749 2870 1016 2958 simplici
1081 2883 1418 2939 contentus
1481 2896 1617 2939 esse
1675 2872 1981 2954 noluerit,
2048 2875 2253 2960 exigat
2308 2897 2341 2939 a
2402 2872 2696 2952 testibuS‚
2759 2872 2936 2960 quod

399 2956 609 3024 dicant
666 2957 779 3023 sub
837 2960 1367 3025 conscientiarum
1428 2983 1681 3027 suarum
1752 2960 2031 3048 periculo
2088 2962 2449 3042 veritatem,
2521 2960 2619 3026 vel
2676 2972 2932 3026 extensa

402 3067 593 3110 manu
655 3044 732 3111 ad
780 3044 1109 3110 ecclesiam
1170 3047 1306 3112 sine
1366 3046 1906 3136 solle(m)pnitate
1962 3047 2076 3114 alia
2120 3047 2422 3135 prebeant
2481 3046 2942 3114 iusiurandum-

402 3131 466 3196 Si
513 3133 651 3219 quis
706 3132 895 3217 igitur
948 3132 1349 3199 sacerdotum
1408 3146 1617 3220 preter
1677 3133 1771 3216 id,
1880 3135 2008 3202 uod
2067 3158 2252 3222 supra
2311 3136 2613 3221 scriptum
2674 3147 2802 3216 est,
2868 3137 2935 3200 in

402 3217 778 3285 celebrando
826 3241 1074 3285 moram
1109 3221 1380 3302 traxerit,
1429 3221 1529 3288 vel
1574 3221 1806 3310 aliquid
1837 3159 2217 3289 difficultatis
2250 3224 2581 3309 ingesserit
2620 3220 2942 3302 infirmos,

399 3306 477 3373 ad
532 3329 693 3394 quos
750 3325 1009 3373 vocatus
1074 3306 1292 3390 fuerit,
1358 3308 1693 3390 terrend0,
1759 3321 2146 3377 sacramenta
2210 3309 2561 3376 differendo
2619 3309 2719 3376 vel
2779 3308 2950 3375 fina-—

398 3393 537 3462 liter
585 3417 624 3460 o
674 3417 778 3460 ere
825 3394 926 3461 vel
971 3394 1166 3461 verbo
1215 3395 1437 3462 eadem
1486 3396 1784 3483 negando
1847 3411 1951 3465 aut
1998 3398 2173 3464 aliter
2232 3396 2640 3464 affiictionem
2689 3396 2947 3464 afflictis

398 3481 603 3549 adden
655 3505 695 3547 o
742 3505 859 3570 pro
894 3504 996 3564 e0,
1043 3482 1217 3571 quod
1249 3507 1383 3550 non
1418 3484 1722 3571 eligerent
1754 3485 1919 3573 apud
1950 3486 2308 3573 parrochias
2340 3486 2623 3572 proprias
2663 3485 2936 3572 sepeliri,

399 3572 537 3658 ipso
571 3570 736 3636 facto
770 3571 835 3635 in
881 3572 1179 3657 proximo
1226 3570 1446 3638 funere
1494 3574 1587 3638 ius
1620 3572 2078 3661 deportationis
2125 3575 2388 3655 amittat,
2436 3572 2646 3660 quoad
2690 3572 2932 3653 fratreS,

399 3659 517 3724 nisi
575 3657 654 3725 de
703 3656 854 3724 dolo
915 3670 1008 3739 et,
1065 3658 1239 3746 quod
1295 3662 1572 3747 captiose
1627 3684 1763 3727 non
1824 3660 2069 3743 fecerit,
2134 3685 2201 3727 se
2256 3660 2457 3728 valeat
2517 3684 2812 3727 excusare
2868 3662 2932 3726 in

397 3745 657 3812 fratrum
705 3745 976 3832 capitulo
1034 3746 1484 3833 predictorum.
1578 3749 1965 3816 Remisimus
2020 3750 2209 3836 igitur
2268 3750 2551 3830 iniuria5‚
2610 3748 2949 3815 molestias.

398 3835 625 3919 pariter
672 3846 733 3900 et
780 3832 1076 3916 offensaS,
1123 3836 1174 3900 si
1222 3859 1373 3924 quas
1420 3833 1724 3918 fecerunt,
1780 3836 1895 3903 sibi
1933 3836 2143 3903 clerus
2191 3849 2252 3904 et
2297 3836 2516 3903 fratres
2565 3848 2789 3904 mutuo
2837 3838 2944 3902 in·-

398 3921 702 4002 tulerunt‚
762 3921 1088 4003 volente8‚
1145 3935 1213 3990 ut
1257 3946 1481 4010 pacem
1528 3925 1691 3991 inter
1747 3948 1814 3991 se
1860 3938 2118 3992 teneant
2168 3937 2230 3991 et
2274 3926 2338 3990 in
2397 3923 2947 4011 predicationibus

397 4008 602 4075 verbis
649 4010 976 4076 invectivis
1009 4012 1236 4097 apertis
1285 4031 1389 4077 aut
1418 4012 1636 4079 velatis
1682 4036 1750 4079 se
1783 4014 2056 4079 invicem
2105 4036 2239 4078 non
2273 4011 2683 4079 confundant.
2756 4011 2934 4078 Alio-

443 4097 549 4161 uin
614 4108 1090 4183 presumptores
1148 4098 1354 4165 clerici
1409 4100 1734 4186 pastoralis
1804 4099 2003 4167 baculi
2061 4101 2337 4167 sentient
2389 4101 2805 4187 punctionem
2868 4113 2940 4166 et

398 4119 615 4250 {atres
663 4185 727 4249 in
759 4185 854 4249 sui
901 4186 1300 4271 provincialis
1347 4187 1635 4253 manibus
1669 4186 2034 4255 directionis
2065 4189 2308 4274 virgam
2347 4190 2743 4274 comperient
2776 4189 2948 4274 vigi—

400 4270 654 4338 lantem.
747 4272 821 4337 In
869 4295 1042 4338 cu1us
1088 4275 1179 4340 rei
1227 4287 1344 4341 etc.

615 4472 629 4501 ¹
669 4465 742 4517 So
782 4465 882 4520 HS.

611 4622 724 4677 Fol.
771 4624 883 4680 181.
959 4624 1084 4694 Vgl.
1124 4625 1264 4677 oben
1303 4625 1395 4679 Nr.
1437 4642 1493 4697 91
1544 4625 1648 4679 und
1687 4640 1770 4696 92.
