3505 5335
418 348 464 418 J.
510 362 658 415 1273.
1504 351 1508 354 ’
1590 341 1783 396 Briefe.
2876 341 2950 404 91

419 518 744 593 tamquam
789 503 999 569 minus
1052 501 1221 568 bone
1268 500 1474 568 fame¹
1527 522 1756 568 vocem
1805 499 1873 563 in
1929 495 2200 584 capitulo
2259 518 2393 562 non
2440 495 2691 563 habebit
2750 513 2959 582 preter

421 592 568 658 alias
627 613 822 678 penas
879 588 1312 678 quamplure3‚
1377 612 1500 676 que
1558 584 1927 654 huiusmodi
1988 596 2135 651 sunt
2195 582 2453 670 adjecte.
2546 584 2692 650 Hoc
2750 582 2957 650 scribo

422 692 629 750 vestre
676 676 1043 746 excellentie
1088 688 1412 765 tamquam
1443 674 1644 743 fidelis
1692 673 1956 741 dilector
1987 673 2179 740 vestri
2222 670 2542 757 profectus
2575 683 2639 738 et
2668 670 2957 750 honoriS,

423 769 529 855 qui
576 766 843 833 salutem
874 783 1148 833 vestram
1181 788 1216 830 a
1248 763 1518 831 domino
1551 761 1807 851 postulo
1852 773 2177 849 tamquam
2208 782 2440 825 meam.
2511 758 2735 846 Spero,
2783 756 2957 846 quod

423 867 630 922 vestra
675 853 1007 941 prudentia
1038 874 1117 918 ex
1162 852 1281 918 hiis
1313 852 1525 940 paucis
1572 850 1882 936 intelliget
1911 849 2333 915 sinceritatem
2383 858 2670 914 nostram
2710 843 2789 912 ad
2820 868 2958 927 v05,

425 944 532 1031 qui
577 953 784 1010 vestre
832 941 1028 1028 parati
1073 963 1291 1006 sumus
1339 951 1402 1006 et
1449 940 1684 1005 erimus
1730 936 2057 1005 voluntati.
2126 935 2203 1002 Et
2248 958 2365 1001 vos
2411 935 2692 1021 vestigiis
2738 931 2960 1021 prede-

428 1053 752 1096 cessorum
785 1041 1140 1096 vestrorum
1191 1027 1553 1094 inherentes
1602 1024 1811 1092 ordini
1858 1026 2027 1091 eritis
2072 1025 2221 1110 pius*
2257 1034 2431 1110 pater
2477 1021 2671 1089 nichil
2713 1021 2959 1102 volenS,

426 1119 544 1184 nisi
590 1115 765 1205 quod
812 1115 1052 1183 ordinis
1111 1114 1363 1202 expedit
1406 1114 1752 1194 honestati,
1816 1114 1884 1178 in
1929 1111 2055 1178 hoc
2102 1110 2259 1176 mihi
2316 1108 2652 1197 specialem
2700 1108 2960 1175 benivo-

424 1205 685 1272 lentiam
729 1202 1094 1290 impenditis
1127 1215 1190 1270 et
1234 1202 1538 1269 favorem.
1609 1202 1799 1287 Rogo
1834 1201 2043 1280 etiam,
2090 1211 2159 1266 ut
2204 1198 2322 1265 hec
2367 1196 2590 1278 littera,
2636 1209 2960 1285 tamquam

426 1291 806 1359 familiariter
853 1292 1063 1372 missa,
1113 1288 1190 1356 ad
1237 1313 1460 1356 manus
1508 1312 1642 1356 non
1688 1300 1962 1356 transeat
2008 1285 2295 1352 aliorum.

640 1528 659 1556 ¹
695 1518 1183 1590 tamquam—fame
1222 1518 1636 1571 durchstrichen.

639 1746 750 1800 Pol.
795 1762 910 1800 121.
985 1746 1097 1798 Der
1133 1745 1306 1799 Plural
1344 1744 1837 1815 (predecessorum)
1874 1744 1958 1796 bei
1993 1744 2340 1814 Erwahnung
2383 1743 2476 1795 der
2512 1743 2833 1811 Vorganger
2869 1740 2963 1793 des

430 1833 782 1901 ErzbischofS,
822 1834 906 1888 die
945 1834 1068 1887 dem
1099 1833 1282 1888 Orden
1321 1831 1561 1886 huldvoll
1598 1833 1812 1902 gesinnt
1841 1848 2039 1898 waren,
2078 1832 2144 1884 ist
2182 1832 2297 1884 hier
2333 1830 2483 1885 wohl
2519 1830 2962 1892 beachtenswert,

429 1922 553 1974 weil
591 1940 688 1975 nur
723 1922 875 1988 zwei‚
908 1921 1150 1975 Gerhard
1175 1923 1406 1990 (1219-
1416 1922 1505 1990 58)
1531 1920 1638 1973 und
1661 1918 1947 1973 Hildebold
1972 1918 2315 1990 (1269—73),
2346 1920 2398 1972 in
2424 1918 2673 1971 Betracht
2710 1917 2964 1970 kommen

430 2011 660 2063 konnen.
747 2010 819 2062 Zu
866 2009 959 2062 der
1004 2010 1299 2078 Datierung
1344 2010 1482 2061 nach
1531 2023 1660 2077 1273
1724 2006 1862 2077 passt
1908 2007 2044 2060 auch
2092 2006 2402 2077 vorzi'iglich
2452 2006 2535 2058 die
2583 2004 2825 2074 Stellung
2871 2003 2965 2056 des

431 2097 650 2152 BriefeS.
725 2098 806 2150 Im
845 2097 1018 2150 Brem.
1057 2097 1168 2151 UB.
1209 2096 1301 2150 Bd.
1340 2097 1362 2148 I
1401 2095 1534 2149 wird
1570 2096 1690 2148 kein
1727 2095 2111 2148 Dominikaner
2149 2094 2376 2164 Ludwig
2412 2101 2664 2164 genannt.

1653 2339 1750 2408 63.

644 2483 767 2547 Die
812 2480 1226 2569 Markgrasen
1276 2478 1544 2568 (Johann
1589 2481 1693 2562 IL,
1750 2479 1894 2546 Otto
1939 2480 2047 2545 IV.
2095 2481 2224 2545 und
2267 2480 2549 2569 Konrad)
2597 2502 2712 2544 von
2761 2478 2964 2543 Bran-

433 2570 704 2657 denburg
763 2569 946 2634 bitten
1000 2568 1110 2634 das
1167 2568 1742 2657 Provinzialkapitel
1797 2592 1900 2633 um
1962 2567 2310 2654 Grandung
2368 2570 2523 2633 eines
2580 2566 2792 2632 bereits
2851 2589 2968 2631 von

434 2658 622 2724 ihrem
691 2657 871 2723 Vater
926 2656 1350 2744 gewiinschten
1406 2657 1675 2723 Klosters
1729 2659 1793 2722 in
1848 2656 1954 2722 der
2001 2654 2189 2722 Mark
2243 2655 2372 2721 und
2427 2680 2531 2721 um
2586 2654 2803 2722 Gebete
2845 2656 2969 2742 fiir

435 2746 562 2812 ihre
608 2745 840 2811 Eltern.
935 2742 1188 2834 (1274.)

642 2868 1047 2934 Marchiones
1095 2868 1354 2935 iuvenes
1415 2879 1639 2955 petunt
1686 2866 1955 2934 domum
2003 2879 2064 2934 et
2120 2866 2411 2953 suffragia
2457 2865 2572 2932 sibi
2633 2889 2702 2931 ac
2748 2888 2970 2952 paren-

435 2955 618 3022 tibus,
711 2956 1117 3022 Marchiones
1175 2953 1446 3041 capitulo
1503 2954 1889 3042 provinciali.
1984 2955 2048 3021 Si
2096 2978 2243 3021 cum
2300 2952 2544 3020 mundo
2604 2964 2967 3020 transeunte

439 3066 729 3110 carorum
785 3066 921 3109 non
981 3044 1201 3109 transit
1262 3045 1603 3124 memoria,
1675 3045 1727 3109 si
1785 3041 2033 3109 labente
2098 3054 2391 3128 tempore
2439 3042 2692 3127 piorum
2754 3058 2969 3107 manet

437 3132 705 3211 iusticia,
767 3132 820 3196 si
881 3129 989 3197 lux
1044 3132 1417 3197 meritorum
1483 3154 1628 3197 cum
1692 3153 1962 3217 corpore
2021 3131 2223 3196 nescit
2281 3128 2689 3208 occumbere,
2749 3150 2970 3214 paren-

436 3232 572 3285 tum
628 3236 997 3286 nostrorum
1061 3219 1638 3299 reminiscenciam,
1740 3240 1861 3283 uos
1922 3219 2333 3303 omnipotens
2389 3217 2742 3303 acquisivit,
2806 3238 2971 3281 non-

439 3307 590 3373 dum
656 3307 850 3372 evasit
912 3305 1183 3386 oblivio,
1248 3329 1366 3372 nec
1424 3307 1701 3372 vicissitu
1748 3306 1869 3370 inis
1932 3302 2161 3371 delevit
2226 3302 2671 3383 obumbraciO,
2737 3314 2832 3369 set
2905 3304 2969 3367 in

437 3406 795 3461 vestrorum
859 3404 1195 3479 pectorum
1253 3395 1420 3459 atriis
1477 3392 1782 3474 celebreS,
1845 3393 1910 3458 in
1956 3391 2129 3457 labiis
2174 3389 2614 3478 predicabileS,
2675 3392 2739 3456 in
2788 3389 2971 3456 affec-

438 3482 600 3548 tibus
646 3480 1064 3561 venerabileS,
1127 3482 1310 3547 certis
1359 3479 1527 3546 affixi
1572 3497 1948 3567 permanent
2000 3480 2434 3546 monimentis,
2526 3479 2750 3544 Nostis
2798 3479 2970 3544 enim

439 3569 746 3658 plerique,
806 3579 874 3634 ut
920 3567 1321 3648 arbitramur,
1375 3570 1653 3649 eminuS‚
1709 3567 1989 3655 plerique
2036 3566 2386 3633 subiectum
2438 3565 2636 3632 oculis
2683 3563 2971 3631 fidelibus

438 3655 886 3743 perlustrastiS,
1014 3656 1133 3722 uali
1201 3655 1376 3723 vultu
1398 3710 1414 3736 ‚
1485 3655 1648 3744 quali
1718 3654 1887 3722 cultu
1906 3708 1922 3736 ,
1992 3654 2155 3743 quali
2225 3654 2485 3736 affectu,
2552 3652 2717 3741 quali
2785 3652 2971 3719 affatu

440 3742 646 3809 ordini
691 3755 904 3811 vestro
965 3679 1249 3810 {worem
1298 3762 1359 3811 et
1406 3767 1693 3810 amorem
1740 3741 2108 3824 detulerint,
2166 3765 2356 3830 quam
2404 3740 2688 3808 officiosa
2746 3740 2973 3808 sollici-

438 3830 678 3913 tudine,
725 3854 914 3919 quam
962 3830 1322 3900 racionabili
1379 3829 1838 3918 promtitudine
1883 3828 2310 3917 impenderint
2373 3831 2770 3916 semetipsos⁶
2864 3828 2974 3895 Set

442 3919 558 3985 hec
618 3942 753 3984 non
815 3917 892 3984 ad
949 3920 1382 4005 insipienciam
1440 3918 1586 4000 sibi,
1653 3942 1801 3984 nam
1859 3917 2011 3984 dum
2069 3919 2282 3984 Deum
2340 3919 2693 4005 promereri
2753 3916 2973 3984 talibus

442 4006 663 4072 hostiis
695 4005 1089 4087 studuerunt,
1139 4008 1202 4071 in
1236 4005 1519 4073 districto
1553 4008 1842 4073 examine
1881 4029 2016 4071 non
2048 4007 2226 4084 iram,
2274 4025 2389 4086 set,
2439 4017 2506 4072 ut
2537 4007 2639 4092 pie
2681 4003 2972 4084 creditur,

442 4094 714 4179 graciam
778 4094 1188 4175 invenerunt,
1256 4106 1317 4161 et
1372 4092 1547 4181 quod
1603 4092 1823 4160 deesse
1888 4093 2003 4159 sibi
2057 4091 2350 4159 viderunt
2406 4094 2471 4159 in
2529 4093 2829 4180 propriis,
2895 4089 2972 4157 de

441 4181 662 4247 vestris
710 4182 909 4268 copiis
956 4181 1359 4248 sustulerunt.
1452 4182 1625 4248 Beati
1673 4204 1907 4269 nempe
1954 4180 2069 4261 illi,
2130 4180 2353 4268 quibus
2401 4181 2577 4246 Deus
2642 4197 2972 4265 peccatum

443 4292 576 4334 non
634 4269 901 4356 imputat
957 4281 1172 4336 vestro
1231 4269 1550 4357 propicius
1614 4271 1992 4336 interventu.
2085 4269 2289 4349 Beati,
2351 4291 2625 4355 quorum
2681 4267 2975 4353 iniquitas

441 4369 504 4423 te
550 4358 672 4423 itur
734 4375 955 4444 operta
1010 4368 1216 4423 vestre
1280 4355 1605 4423 latitudine
1662 4358 1949 4423 caritatis
2064 4357 2202 4421 Hiis
2259 4356 2430 4421 enirn
2496 4357 2973 4442 pigmentorum

443 4468 483 4509 o
532 4444 744 4510 oribus
792 4445 1018 4510 mortis
1063 4446 1340 4531 gemitus
1385 4444 1741 4530 abrogatur,
1789 4468 2010 4510 sensus
2059 4441 2426 4509 obdulcatur
2458 4441 2697 4509 doloris
2746 4443 2973 4508 veteris

442 4555 612 4599 nove
644 4532 838 4599 letitie
870 4530 1173 4613 libertate,
1207 4533 1357 4619 quin
1392 4534 1588 4599 eciam
1622 4533 1790 4597 mori
1820 4530 2062 4598 lucrum
2097 4542 2387 4617 reputant
2418 4543 2565 4618 post
2597 4531 2757 4596 hanc
2781 4530 2973 4595 vitam

442 4617 520 4685 ad
582 4642 763 4706 spem
829 4642 1067 4685 sacram
1129 4619 1456 4704 analogice
1521 4620 1920 4702 manuducti,
1985 4618 2088 4685 ubi
2152 4620 2473 4686 renovatis
2529 4615 2976 4706 splendescunt
