3505 5335
586 336 616 380 1
633 336 714 401 54
1765 334 1954 387 Briefe.
2880 336 2925 406 J.
2972 337 3120 407 1289.

583 492 690 579 qui
748 493 1071 558 concussis
1128 491 1360 558 domus
1421 492 1665 579 angulis
1718 492 1951 559 liberos
2006 491 2361 559 suffocaret.
2454 493 2563 560 Set
2624 517 2742 560 nec
2801 494 2950 580 ipsi,
3015 496 3121 582 qui

584 580 749 665 passi
797 578 1088 647 dicuntur
1134 581 1456 660 iniuriam,
1505 603 1780 667 quorum
1826 579 2249 668 principaliter
2294 582 2621 663 intererat,
2684 580 2916 669 aliquid
2974 601 3122 648 sunt

585 669 938 754 conquesti.
1032 668 1325 735 Preterea
1382 667 1585 734 dictus
1644 667 1832 735 frater
1888 692 2021 734 non
2069 666 2316 735 videtur
2361 670 2785 749 ammonitus,
2833 680 2902 736 ut
2946 671 3121 756 peni-

586 757 849 822 tentiam
896 775 1140 842 ageret‚
1189 767 1256 822 ut
1301 756 1552 822 veniam
1600 768 1873 842 peteret,
1920 755 2180 835 relaxari
2236 754 2519 823 debitum
2564 756 2680 823 sibi
2726 757 3120 845 supplicaret,

586 866 663 908 ex
708 844 727 909 i
774 866 848 909 so
897 866 1009 909 ore
1055 842 1367 930 proferret
1414 842 1857 926 medicamina,
1905 842 2074 910 unde
2119 843 2377 911 vulnera
2422 843 2813 933 prodierunt,
2890 845 3121 911 Huius-

584 866 770 997 modli
825 932 1206 998 ammonitio
1253 933 1307 997 si
1362 930 1526 1019 apud
1578 933 1788 1020 ipsum
1845 933 2110 998 minime
2213 931 2538 1013 rofuisset‚
2600 945 2695 999 set
2742 955 2883 999 eam
2940 955 3120 999 more

584 1017 772 1085 surde
827 1018 1055 1106 aspidis
1111 1020 1500 1106 preterisset,
1559 1018 1884 1087 vocandus
1942 1031 2072 1087 erat
2117 955 2211 1086 ad)
2243 1034 2632 1088 conventum
2683 1033 2775 1100 et,
2834 1040 2900 1087 ut
2946 1022 3122 1107 peni-

583 1107 844 1173 tentiam
872 1108 1236 1194 susciperet,
1268 1106 1732 1194 astringenduS,
1768 1109 1887 1188 cui,
1921 1119 1989 1175 ut
2020 1130 2229 1194 sper0,
2262 1107 2579 1175 humiliter
2610 1109 2938 1195 paruisset,
2974 1131 3119 1174 cum

583 1206 784 1261 tractu
843 1196 1150 1283 temporis
1210 1194 1379 1261 calor
1438 1194 1757 1262 iracundie
1814 1197 2136 1283 tepuisset.
2254 1197 2434 1263 Hanc
2502 1198 2555 1262 si
2615 1208 3119 1284 contempneret,

582 1281 897 1349 restabant
942 1284 1290 1369 asperiores
1339 1306 1624 1364 censure,
1672 1306 1824 1371 quas
1872 1295 2056 1350 notas
2101 1282 2283 1350 vobis
2334 1307 2409 1350 ex
2455 1283 3010 1351 constitutionibus
3058 1297 3121 1350 et

585 1367 826 1436 ordinis
897 1369 1357 1437 consuetudine
1438 1393 1694 1437 necnon
1767 1395 1844 1438 ex
1914 1371 2330 1459 capitulorum
2401 1370 2904 1439 ordinationibus
2985 1395 3119 1437 non

584 1469 841 1545 oportet
886 1456 1023 1524 fieri
1068 1460 1376 1525 notiores,
1446 1459 1760 1525 Premissa
1806 1483 1953 1526 cum
2000 1483 2119 1525 nec
2165 1459 2434 1526 modum
2467 1479 2747 1527 vestrum
2797 1483 2916 1526 nec
2953 1461 3117 1526 vires

583 1547 987 1627 excesserint,
1035 1568 1418 1633 prepropere
1452 1570 1669 1613 meum
1710 1546 2145 1635 interpellastis
2179 1546 2484 1629 officium,
2533 1559 2753 1614 contra
2791 1547 3118 1614 absentem

582 1634 967 1700 instaurastis
1026 1633 1357 1714 iudicium,
1424 1633 1701 1702 dictastis
1762 1636 2178 1716 sententiam,
2245 1659 2367 1723 qua
2422 1636 2774 1722 puniretur,
2831 1634 3121 1701 videlicet

584 1722 988 1803 missionem,
1045 1745 1235 1822 quam
1290 1721 1390 1787 ille
1449 1735 1764 1808 reputaret
1819 1722 2078 1789 forsitan
2135 1724 2700 1810 proscriptionem,
2756 1722 3118 1803 adicienteS,

581 1807 755 1896 quod
801 1809 948 1876 loco
995 1811 1171 1875 missi
1202 1809 1382 1877 vobis
1430 1812 1643 1877 statim
1688 1810 1881 1876 alium
1926 1812 2338 1893 remitterem,
2387 1835 2468 1878 ne
2505 1823 2798 1878 vacarent
2842 1812 3117 1890 termini,

582 1919 743 1984 quos
774 1897 1047 1964 tenebat.
1125 1898 1326 1963 Porro
1375 1899 1427 1963 si
1472 1899 1561 1964 sic
1592 1899 1820 1965 vivitur
1854 1918 1917 1965 et
1962 1900 2024 1964 in
2073 1899 2294 1965 talibus
2327 1900 2522 1966 vitam
2569 1922 2781 1966 meam
2814 1899 3118 1981 sustineO,

581 1985 631 2049 si
680 1986 818 2072 quis
865 2009 970 2051 me
1018 1986 1083 2050 in
1130 1986 1497 2053 servitutem
1546 1985 1795 2073 redigit,
1846 1987 1899 2052 si
1944 1988 2082 2074 quis
2130 2010 2222 2068 ea,
2271 2010 2393 2074 que
2440 1986 2641 2073 digito
2689 2009 2806 2053 suo
2854 2009 3117 2053 movere

583 2095 717 2138 non
762 2071 924 2155 vult,
991 2074 1148 2139 meis
1202 2073 1481 2140 humeris
1527 2075 1928 2161 superponit,
1987 2075 2038 2139 si
2085 2076 2257 2162 quiS,
2305 2094 2372 2141 ut
2419 2076 2588 2141 mitis
2634 2098 2669 2140 a
2714 2087 2952 2162 pareat,
3013 2097 3118 2139 me

581 2171 893 2227 tortorem
952 2162 1293 2228 constituat
1353 2172 1416 2228 et
1470 2161 1775 2229 ultorem:
1843 2163 1893 2228 si
1953 2161 2495 2249 superhabundavi
2548 2185 2660 2229 ver
2704 2164 2784 2243 is,
2840 2184 2956 2229 vos
3013 2186 3119 2227 me

582 2249 911 2335 coegistis!
1004 2250 1467 2316 Verumtamen
1528 2250 1643 2317 ista
1700 2249 1906 2316 forma
1952 2273 2086 2316 non
2135 2263 2230 2318 est
2276 2249 2456 2317 vobis
2513 2250 2633 2316 soli
2677 2251 2963 2337 propria,
3023 2262 3118 2317 set

581 2334 912 2402 vobiscum
980 2338 1045 2402 in
1112 2361 1183 2404 ea
1248 2339 1756 2419 communicant,
1822 2339 1927 2426 qui
1992 2337 2069 2404 ad
2132 2361 2237 2404 me
2350 2340 2476 2404 rius
2536 2337 2783 2425 culpam
2854 2360 3115 2404 suorum

581 2422 861 2490 referunt
921 2447 1109 2512 quam
1155 2423 1519 2492 vindictam.
1613 2425 1888 2492 Videant
1949 2449 2103 2512 ergo
2161 2426 2275 2492 sub
2323 2426 2390 2493 iti
2445 2427 2512 2491 in
2558 2427 2781 2493 vestris
2829 2425 3121 2492 manibus

581 2511 947 2598 vigilantem
980 2513 1244 2599 virgam,
1293 2526 1361 2581 ut
1407 2537 1543 2579 non
1588 2525 1858 2600 paveant
1903 2513 1978 2579 ab
2024 2513 2319 2601 aquilone
2368 2513 2870 2600 conflagrantem
2905 2513 3116 2579 ollam.

581 2599 750 2665 Nam
783 2623 815 2664 a
849 2601 1122 2688 paternis
1157 2601 1444 2667 manibus
1479 2602 1784 2689 exigetur,
1824 2600 2117 2691 quicquid
2150 2603 2214 2667 in
2263 2625 2387 2669 une
2421 2625 2455 2667 a
2486 2600 2627 2667 filiis
2661 2601 3115 2669 committetur.

587 2686 772 2754 Unde
838 2687 1011 2776 quod
1066 2688 1143 2755 ad
1208 2712 1467 2776 presens
1536 2690 1773 2757 factum
1829 2692 2135 2776 pertinet,
2206 2625 2653 2757 discretionem
2711 2710 2988 2756 vestram
3053 2690 3116 2754 in

583 2774 853 2842 domino
901 2799 1143 2843 moneo
1204 2797 1264 2843 et
1316 2778 1619 2845 exhortor
1677 2777 2129 2844 nichilominus
2178 2779 2589 2845 committens
2645 2778 2874 2864 pariter
2921 2796 2983 2843 et
3026 2779 3119 2843 in-

583 2864 887 2950 iungenS,
979 2884 1243 2931 uatenus
1290 2864 1681 2951 sepedictum
1729 2865 1984 2932 fratrem
2033 2865 2111 2932 de
2158 2866 2312 2946 hiis,
2370 2889 2491 2954 que
2538 2865 2616 2932 ad
2663 2889 2767 2931 me
2814 2887 3117 2951 pervene-

582 2964 757 3034 runt,
815 2888 1016 3019 modo
1065 2951 1279 3019 debito
1336 2955 1692 3039 corrigatiS,
1755 2966 1817 3020 et
1864 2955 1916 3019 si
1962 2952 2192 3041 aliquid
2240 2973 2558 3040 superest,
2622 2952 2794 3041 quod
2848 2952 3118 3019 fraterna

582 3037 719 3192 fiefri
765 3039 1152 3193 d'ebeathlo
1200 3040 1416 3123 salute,
1467 3040 1541 3107 ad
1592 3065 1715 3122 me,
1765 3040 2019 3129 quando
2068 3064 2267 3128 prope
2315 3066 2489 3123 sum,
2544 3042 2645 3107 vel
2690 3039 2767 3107 ad
2815 3042 3114 3107 vicarium

583 3150 649 3193 re
679 3139 881 3193 eratis.
1040 3151 1072 3192 a
1100 3140 1219 3194 ete.

794 3337 905 3391 [201.
951 3339 1063 3392 180.

1787 3476 1920 3549 142.

793 3621 1104 3706 Eim'gung
1167 3621 1274 3685 der
1333 3620 1780 3686 Domim‘lcaner
1844 3623 1953 3685 mit
2021 3622 2154 3687 dem
2218 3620 2464 3708 Kapitel
2526 3620 2654 3685 und
2714 3620 2937 3685 Klerus
2998 3642 3115 3685 von

581 3706 970 3793 Regensburg
1015 3708 1204 3772 durch
1262 3709 1668 3794 Ver-mittlzmg
1720 3709 1821 3773 des
1867 3709 2142 3797 Bischofs
2188 3708 2502 3773 Heinrich.
2597 3706 2851 3797 (1289.)

792 3830 1022 3895 Forma
1088 3831 1575 3916 compositionis
1631 3832 1793 3897 inter
1857 3830 2075 3897 fratres
2137 3850 2199 3898 et
2266 3829 2502 3896 clerum
2560 3830 3112 3916 Ratisponensem.

581 3916 966 4005 H(enricus)
1035 3918 1157 3983 Dei
1247 3920 1443 4004 gratia
1524 3920 2003 4005 Ratisponensis
2092 3920 2424 4006 episcopus
2504 3919 2809 3984 universis
2878 3915 3114 4004 ha(n)c

579 4006 875 4091 paginam
924 4006 1300 4091 congnitiS.¹
1367 4007 1535 4073 Cum
1582 4008 1746 4073 inter
1796 4006 2199 4072 honorabiles
2246 4008 2416 4072 viros
2455 4059 2467 4070 .
2522 4059 2535 4071 .
2585 4006 2999 4092 prepositum,
3033 4057 3047 4071 .
3099 4057 3112 4069 .

581 4091 891 4159 decanum
941 4105 1003 4160 et
1050 4092 1388 4180 capitulum
1435 4117 1691 4161 necnon
1740 4106 2020 4160 rectores
2068 4093 2538 4181 parrochiarum
2587 4094 2850 4160 civitatis
2898 4110 3114 4158 nostre

581 4205 657 4248 ex
704 4193 878 4267 parte
937 4203 1059 4246 una
1107 4192 1169 4248 et
1228 4181 1562 4268 religiosos
1609 4184 1780 4248 viros
1831 4235 1844 4247 .
1897 4234 1910 4247 .
1960 4183 2238 4269 priorem
2297 4193 2359 4247 et
2408 4180 2625 4247 fratres
2685 4179 2922 4246 ordinis
2970 4180 3115 4245 Pre-

580 4268 934 4335 dicatorum
984 4269 1246 4335 civitatis
1304 4270 1611 4356 premisse
1659 4295 1735 4336 ex
1783 4282 1957 4356 parte
2004 4268 2193 4336 altera
2249 4268 2506 4335 suborta
2552 4268 2865 4335 discordia
2909 4268 3114 4354 gravis

582 4376 746 4423 esset
807 4378 994 4443 super
1058 4354 1500 4443 deportatione
1558 4380 1901 4445 corporum
1975 4380 2198 4423 eorum
2254 4356 2330 4423 ad
2396 4357 2755 4443 parrochias
2811 4357 3113 4443 propriaS,

579 4445 684 4532 qui
732 4444 897 4531 apud
944 4442 1162 4510 fratres
1209 4445 1380 4532 ipsos
1414 4446 1719 4532 eligerent
1767 4445 2034 4531 sepeliri,
2083 4468 2272 4533 quam
2320 4444 2830 4531 deportationem
2864 4442 3060 4510 dicti.
3098 4496 3111 4509 .

579 4534 751 4618 prior
800 4551 861 4598 et
906 4531 1123 4598 fratres
1172 4532 1538 4619 reputabant
1592 4532 1857 4600 libertati
1903 4532 2377 4619 privilegiorum
2425 4555 2688 4598 suorum
2737 4532 3112 4598 contrariam

580 4633 643 4687 et
691 4619 1032 4707 plurimum
1081 4643 1442 4702 onerosam,
1492 4644 1611 4687 nos
1659 4619 1917 4687 tandem
1966 4619 2045 4687 de
2078 4643 2394 4686 consensu
2440 4621 2718 4707 parcium
2769 4617 3112 4685 earundem
