3505 5335
429 369 477 438 J.
524 369 671 421 1288.
1599 364 1790 418 Briefe.
2843 370 2866 413 Ι
2886 370 2909 413 1
2924 370 2961 432 9

437 526 704 593 dicionis
766 525 1098 606 homineS,
1162 547 1296 591 non
1359 525 1661 611 recipiant
1722 546 1841 590 nec
1903 521 2136 589 ibidem
2186 522 2593 589 commedere
2660 543 2763 589 aut
2826 547 2964 610 per-

436 626 695 681 noctare
729 615 1029 680 sinantur.
1110 613 1259 692 Que
1295 623 1388 679 est
1433 612 1548 678 ista
1582 612 1933 692 clemencia,
1980 630 2068 693 ut,
2117 634 2263 677 cum
2311 612 2376 676 in
2409 611 2963 677 constitutionibus

432 701 821 790 prohibitum
867 703 947 768 sit
991 699 1106 767 sub
1151 723 1315 787 pena
1360 700 1796 781 anathematis,
1844 722 1925 766 ne
1972 721 2227 765 sorores
2273 699 2394 764 nisi
2441 699 2507 764 in
2556 699 2740 765 certis
2789 722 2963 786 egre-

433 790 679 857 diantur
728 788 1051 855 casibus?⁸
1142 788 1406 868 Quanto
1453 789 1704 875 gravius
1754 799 1878 868 est,
1938 788 1988 853 si
2053 785 2361 852 seculares
2408 787 2598 852 sacris
2643 786 2963 853 vestibulis

433 881 804 945 inserantur.
898 875 1047 943 Vidi
1087 889 1148 943 et
1195 874 1483 942 manibus
1530 875 1928 964 a(t)trectavi
1974 873 2371 961 privilegium
2404 873 2729 940 cardinalis
2775 874 2963 961 legati

433 990 466 1032 a
511 965 703 1032 latere
750 988 908 1052 pape
957 966 1150 1046 missi,
1199 966 1264 1030 in
1296 986 1425 1052 quo
1474 963 1589 1029 sibi
1620 963 1736 1030 fuit
1768 985 2147 1029 concessum
2195 985 2311 1049 pro
2345 985 2631 1044 munere,
2678 961 2853 1050 quod
2895 964 2959 1029 in

433 1077 562 1120 uno
620 1077 688 1120 re
735 1077 822 1119 no
879 1076 1071 1120 unam
1117 1064 1336 1140 posset
1391 1051 1722 1118 licenciare
1784 1070 2144 1117 matronam
2191 1049 2268 1116 ad
2330 1051 2660 1117 introitum
2716 1049 2961 1117 claustri

433 1165 667 1230 quarun
718 1165 821 1207 am
853 1140 1248 1222 monialium,
1296 1139 1470 1228 quod
1501 1141 1684 1206 unica
1717 1138 1816 1205 illa
1847 1140 2005 1219 vice,
2055 1161 2201 1204 cum
2233 1139 2511 1220 intraret,
2559 1137 2793 1205 ibidem
2828 1161 2963 1204 non

434 1228 870 1296 commederet
930 1252 1048 1295 nec
1111 1227 1435 1296 dormiret.
1542 1228 1700 1293 Eant
1754 1250 1924 1293 nunc
1982 1227 2245 1313 prioreS,
2316 1250 2485 1293 nunc
2544 1228 2839 1313 priorisse
2902 1246 2961 1293 et

435 1341 812 1385 concessum
859 1317 974 1384 sibi
1021 1328 1265 1404 putent,
1314 1328 1377 1383 et
1421 1315 1809 1402 indulgeant,
1857 1314 2031 1402 quod
2076 1315 2192 1401 ipsi
2224 1312 2436 1401 legato
2484 1315 2715 1402 papalis
2747 1326 2962 1382 aucto-

431 1408 575 1473 ritas
636 1429 770 1472 non
828 1406 1176 1472 concessit!
1285 1404 1590 1471 Ceterum
1650 1405 1701 1469 si
1757 1404 2052 1490 priorissa
2108 1401 2308 1490 aliqua
2364 1403 2507 1469 huic
2568 1402 2962 1469 ordinacioni

431 1495 740 1561 contraire
832 1493 1270 1579 resumpserit,
1325 1491 1413 1557 ab'
1445 1490 2100 1580 am(m)inistracione
2146 1492 2527 1557 removeatis
2585 1491 2851 1558 eandem
2901 1504 2962 1558 et

429 1582 610 1648 aliam
644 1584 701 1648 ei
778 1517 1054 1647 Koneam
1088 1579 1461 1665 subrogetis,
1541 1579 1998 1666 Suppriorissas
2032 1601 2186 1644 vero
2221 1590 2285 1645 et
2325 1580 2627 1666 portarias
2675 1603 2793 1646 nec
2826 1602 2957 1645 non

431 1670 575 1736 alias
623 1671 688 1735 in
731 1607 861 1735 lioc
908 1690 1073 1748 reaS,
1137 1666 1310 1755 quod
1355 1689 1628 1754 persone
1676 1667 1986 1733 seculares
2032 1665 2110 1732 ad
2169 1690 2349 1732 sanas
2397 1666 2497 1733 vel
2543 1666 2823 1733 infirmas
2870 1669 2961 1733 in-

430 1757 814 1843 grediantur,
862 1756 1084 1822 acriter
1116 1756 1384 1842 puniatis
1419 1767 1481 1821 et
1510 1778 1740 1822 vocem
1775 1757 1838 1820 in
1874 1753 2143 1841 capitulo
2176 1754 2507 1836 aufferatiS,
2550 1754 2754 1821 donec
2788 1757 2961 1822 satis-

431 1845 675 1926 faciant,
722 1856 791 1910 ut
837 1856 931 1910 est
979 1843 1301 1928 dignum·
1357 1842 1599 1909 Valete.

645 2028 657 2057 ¹
699 2020 912 2073 dedicus
951 2020 1053 2072 HS.
1202 2027 1222 2054 ‘-'
1259 2020 1604 2089 opproprium
1642 2018 1743 2070 HS.
1894 2025 1913 2054 ³
1949 2019 2021 2070 So
2060 2018 2163 2070 HS.

641 2179 752 2232 Fol.
797 2194 910 2246 150.
985 2179 1086 2230 Die
1125 2177 1335 2230 Namen
1375 2177 1465 2230 der
1505 2176 1693 2229 beiden
1720 2177 1940 2229 Prioren
1979 2177 2167 2229 stehen
2206 2194 2294 2229 am
2331 2176 2529 2229 Rande.
2589 2177 2798 2230 Vorher
2828 2178 2958 2246 geht

430 2268 513 2319 ein
540 2267 828 2319 Schreiben
855 2265 947 2318 des
973 2264 1295 2318 Provinzials
1321 2282 1387 2317 an
1415 2265 1569 2317 einen
1596 2264 1928 2329 Konversen,
1967 2264 2060 2317 der
2089 2263 2170 2317 fur
2195 2265 2580 2334 Beobachtung
2615 2265 2707 2317 der
2733 2264 2960 2317 Klausur

428 2356 501 2407 im
538 2354 942 2407 Frauenkloster
969 2353 1274 2406 Hochheim
1312 2369 1510 2421 sorgen
1550 2352 1669 2406 soll.
1726 2353 1796 2405 Es
1837 2352 2020 2422 folgen
2059 2353 2193 2405 zwei
2219 2353 2523 2418 Schreiben‚
2564 2355 2616 2406 in
2654 2353 2827 2406 denen
2857 2353 2959 2406 den

429 2443 893 2494 Bewohnerinnen
950 2441 1095 2493 eines
1166 2449 1543 2510 ungenannten
1599 2439 2032 2493 Frauenklosters
2092 2440 2183 2493 das
2231 2440 2517 2494 Verlassen
2578 2440 2672 2493 des
2720 2440 2962 2494 Klosters

428 2539 700 2600 untersagt
751 2529 900 2583 wird.
987 2530 1089 2582 Die
1139 2527 1718 2581 Zuwiderhandelnden
1767 2527 1934 2581 sollen
1986 2530 2126 2581 iuxta
2176 2530 2495 2582 sententiam
2542 2530 2780 2599 magistri
2827 2545 2962 2599 pena

428 2620 684 2688 gravioris
732 2618 885 2689 culpe
934 2635 1055 2672 cum
1100 2626 1527 2688 temperamento
1577 2616 1938 2670 misericordie
1988 2616 2206 2671 bestraft
2243 2617 2476 2672 werden.
2552 2617 2663 2673 Fol.
2708 2632 2804 2687 152
2844 2634 2959 2671 ver-

427 2709 589 2762 bietet
628 2708 719 2761 der
743 2707 1182 2778 Provinzialprior
1219 2707 1401 2759 seinen
1426 2705 1814 2759 Amtsbrt'idern
1853 2705 1955 2759 den
1993 2706 2317 2776 grundlosen
2344 2707 2552 2760 Besuch
2591 2707 2683 2760 des
2714 2707 2956 2760 Klosters

426 2797 684 2866 Neuburg
709 2796 1122 2865 (Nuwenburg),
1161 2813 1227 2848 an
1266 2795 1388 2847 dem
1426 2794 1588 2847 Laien
1614 2794 1836 2847 Anstoss
1875 2795 2124 2848 nahmen.
2191 2795 2260 2848 Es
2299 2801 2530 2865 gen‘t‘ige,
2570 2794 2680 2847 dass
2720 2813 2826 2848 von
2853 2795 2961 2847 Zeit

428 2903 490 2937 zu
517 2885 626 2937 Zeit
663 2884 782 2937 dort
809 2884 1145 2937 Beichtvater
1181 2900 1273 2935 aus
1312 2883 1434 2935 dem
1463 2883 1742 2935 Wormser
1769 2882 1983 2936 Kloster
2023 2884 2336 2936 erschienen
2375 2884 2481 2936 und
2519 2901 2660 2936 zwar
2697 2902 2793 2936 nur
2834 2884 2959 2948 vier,

428 2972 511 3024 die
549 2990 646 3024 nur
684 2973 802 3025 eine
833 2972 1007 3024 Nacht
1047 2970 1323 3023 dableiben
1362 2970 1586 3024 durften.
1660 2971 1764 3023 Die
1804 2971 2138 3025 Beichtvater
2176 2972 2347 3025 sollen
2385 2971 2539 3042 jeden
2578 2973 2811 3037 Besuch,
2865 2974 2960 3025 mit

430 3060 740 3111 Ausnahme
779 3059 872 3111 des
910 3059 1003 3112 der
1040 3059 1259 3111 Prioren
1303 3059 1562 3112 notieren.
1637 3048 1783 3111 Uber
1821 3060 2123 3112 Hochheim
2164 3060 2271 3130 vgl.
2311 3060 2508 3113 Archiv
2558 3060 2638 3113 fiir
2674 3061 2961 3113 Hessische

430 3146 752 3199 Geschichte
791 3147 855 3199 II.
932 3147 1042 3198 Der
1082 3145 1248 3214 Legat
1287 3147 1353 3198 ist
1390 3145 1861 3199 Kardinalbischof
1890 3147 2163 3216 Johannes
2203 3164 2311 3199 von
2351 3147 2658 3200 Tusculum.

1645 3303 1744 3369 96.

640 3423 1025 3513 (Provinzial
1081 3425 1432 3516 Herma-nn)
1490 3426 1843 3512 beauftragt
1906 3426 2018 3490 den
2070 3425 2359 3514 Subprior
2415 3427 2541 3492 und
2585 3427 2801 3493 Lektor
2861 3428 2961 3493 des

428 3513 825 3600 Augsburger
857 3513 1547 3579 Dominikanerklosters
1580 3515 1746 3579 einen
1775 3516 2082 3602 gqfangen
2125 3513 2483 3600 gehaltenen
2515 3515 2756 3581 Bruder
2786 3529 2963 3581 unter

429 3602 730 3667 Kautelen
781 3602 1165 3687 loszulassen.
1261 3598 1514 3691 (1288.)

640 3708 965 3794 Suppriori
1015 3719 1076 3773 et
1123 3706 1344 3773 lectori
1376 3708 1930 3794 AugustensibuS.
1984 3762 1996 3774 .
2049 3762 2061 3774 .
2113 3710 2500 3776 Discretioni
2532 3722 2738 3776 vestre
2787 3733 2962 3776 coni-

427 3796 611 3861 mitto
644 3795 1037 3882 presentibus
1071 3807 1132 3862 et
1164 3797 1438 3883 requir0,
1483 3797 1772 3883 quatinus
1806 3795 2097 3863 discussis
2145 3809 2327 3879 statu,
2375 3799 2689 3884 presentia
2723 3810 2783 3865 et
2815 3821 2961 3885 pro-

426 3884 638 3968 posito
703 3883 905 3950 fratris
953 3882 1191 3950 detenti
1248 3886 1310 3949 in
1362 3907 1638 3965 carcere,
1699 3886 1804 3971 qui
1851 3887 1983 3951 veri
2028 3887 2208 3973 signa
2255 3885 2492 3951 doloris
2540 3886 2846 3968 ostendit,
2894 3901 2961 3953 ut

427 3971 669 4053 dicitur,
716 3994 833 4058 pro
884 3973 1272 4053 commissiS,
1320 3973 1481 4038 circa
1528 3973 1733 4058 ipsum
1784 3971 2124 4054 ordinetiS,
2174 3973 2345 4062 quod
2394 3974 2699 4041 voluntati
2750 3974 2959 4041 divine

429 4070 489 4124 et
563 4058 802 4124 ordinis
863 4059 1179 4126 honestati
1243 4059 1660 4126 iudicaveritis
1718 4062 2081 4128 convenire.
2189 4062 2321 4141 Qui
2387 4064 2438 4127 si
2504 4062 2577 4128 ab
2645 4063 2959 4149 ergastulo

427 4145 734 4213 videbitur
808 4146 1201 4228 liberanduS,
1278 4171 1410 4213 non
1489 4146 1596 4214 fiat
1671 4150 1790 4214 nisi
1864 4147 2200 4216 sufficienti
2269 4152 2560 4216 cautione
2635 4152 2960 4236 premissa,

425 4234 594 4322 quod
642 4236 708 4300 in
755 4236 1147 4323 propinquos
1195 4258 1344 4301 suos
1390 4235 1490 4302 vel
1539 4235 1832 4302 ordinem
1881 4237 2166 4304 scandala
2215 4236 2292 4303 de
2339 4249 2552 4304 cetero
2601 4262 2735 4304 non
2785 4261 2959 4304 com-

427 4323 648 4389 mittat.
729 4321 913 4389 Valet
958 4334 1168 4389 autem
1218 4323 1293 4390 ad
1341 4323 1465 4390 hoc
1500 4325 1780 4411 episcopi
1828 4344 1889 4390 et
1937 4325 2202 4392 aliorum
2251 4327 2712 4393 testimonium.
2791 4328 2955 4394 Nam

427 4422 695 4492 constat,
730 4411 882 4477 heu!
916 4410 1233 4497 publicum
1268 4411 1404 4477 fore
1437 4410 1690 4478 factum.
1740 4412 1805 4478 Si
1836 4412 2022 4479 vultis
2057 4426 2405 4501 expectare,
2441 4414 2648 4481 donec
2681 4416 2955 4501 priorem

426 4497 719 4580 habeatiS,
767 4518 834 4564 ut
883 4497 959 4564 de
1007 4500 1200 4586 ipsius
1246 4499 1602 4586 procedatis
1651 4500 1941 4582 consili0,
1990 4502 2191 4587 placet
2238 4502 2412 4568 mihi.

635 4675 950 4743 Fol.151v.
