3505 5335
550 355 573 397 1
587 354 671 417 40
1711 347 1899 401 Briefe.
2822 349 2867 419 J.
2912 350 3060 419 1289.

1742 554 1865 624 121.

754 698 1108 784 Provinzial
1140 694 1522 787 (Hermann)
1556 699 1773 763 lindert
1819 701 1945 765 eine
1977 700 2369 786 Verordnung
2416 700 2516 764 des
2549 702 2797 786 vorigen
2830 699 3064 786 Briefes

540 786 852 874 bezilglich
897 786 1004 852 der
1050 786 1457 852 Kommum'on
1507 785 1696 851 durch
1759 786 1870 852 das
1916 788 2179 853 Fenster.
2273 785 2610 874 (Hagenau
2663 790 2828 872 1289
2874 787 3062 876 Mai.)

750 910 983 976 Littera
1020 908 1419 997 provincialis
1454 908 1690 975 eisdem
1727 907 1805 975 de
1841 908 2067 976 eodem
2106 933 2249 976 cum
2297 921 2805 997 temperamento
2837 910 3063 999 prioris

538 997 763 1064 littere.
874 995 1194 1063 Omnibus
1251 997 1562 1084 priorissis
1621 1011 1683 1062 et
1740 997 2062 1063 sororibus
2120 1000 2281 1064 circa
2335 999 2753 1084 Argentinam
2810 997 3063 1084 provin-

544 1084 710 1151 cialis
768 1096 885 1151 etc.
979 1085 1246 1151 Gratum
1293 1085 1438 1150 Deo
1500 1096 1562 1151 et
1622 1084 1828 1151 ordini
1889 1085 2263 1174 obsequium
2322 1084 2746 1172 impendistiS,
2810 1083 3062 1173 quando

540 1173 846 1259 magistro
881 1172 1119 1239 ordinis
1153 1171 1345 1238 illatas
1389 1172 1572 1238 nobis
1605 1196 1639 1238 a
1670 1172 1981 1260 religiosis
2015 1172 2384 1261 quibusdam
2426 1175 2678 1239 iniurias
2711 1174 3062 1239 intimastis,

542 1261 635 1328 Re
666 1283 811 1326 vera
859 1283 981 1346 ego
1028 1283 1161 1325 non
1211 1259 1445 1326 credidi
1476 1272 1574 1327 tot
1621 1260 1783 1327 mala
1829 1260 2131 1349 aliquibus
2161 1263 2453 1348 irrogata,
2503 1263 2623 1327 nisi
2655 1272 2865 1327 essent
2904 1283 3064 1326 mar-

537 1350 685 1415 tirio
733 1347 1101 1414 coronandi.
1194 1346 1381 1413 Unde
1427 1350 1531 1414 vix
1575 1360 1862 1435 poteram
1911 1349 2195 1416 lacrimas
2243 1351 2590 1431 continere,
2640 1360 2702 1415 et
2745 1372 2893 1429 vOS,
2941 1371 3063 1436 que

541 1441 787 1503 nostra¹
812 1437 1036 1523 scripta
1057 1434 1296 1502 vidistis
1328 1459 1439 1523 per
1471 1436 1733 1523 singula,
1767 1438 1818 1504 si
1844 1438 2060 1504 omnia
2091 1438 2317 1524 pariter
2340 1438 2405 1503 in
2436 1436 2721 1503 manibus
2744 1437 3062 1517 teneretiS,

540 1525 730 1590 vestri
792 1526 915 1589 iarn
979 1522 1216 1589 doloris
1279 1525 1691 1591 immemores
1757 1524 1968 1613 plagas
2035 1537 2280 1592 nostras
2345 1525 2611 1591 lacrimis
2667 1522 3063 1590 affluentibus

543 1611 845 1678 lavaretiS.
938 1613 1081 1678 Heu
1129 1634 1254 1692 me,
1301 1610 1425 1678 filie
1472 1612 1817 1694 karissime,
1866 1612 2198 1701 quomodo
2246 1612 2422 1680 sedet
2467 1613 2601 1679 sola
2648 1613 2860 1679 civitas
2909 1611 3063 1677 olim

542 1698 723 1786 plena
769 1698 1029 1788 populo,
1078 1722 1267 1787 quem
1302 1698 1598 1766 dominus
1633 1703 2020 1768 exercituum
2052 1700 2387 1768 benedixit.
2467 1702 2613 1768 Vita
2642 1713 2845 1767 vestra
2878 1698 3062 1767 velud

540 1812 577 1853 a
621 1798 873 1854 texente
920 1787 1288 1874 preciditur,
1350 1788 1748 1856 convolvitur
1798 1809 1858 1855 et
1917 1788 2190 1856 aufertur
2247 1813 2279 1854 a
2323 1789 2504 1855 vobis
2570 1789 2742 1876 quasi
2798 1788 3064 1874 pastoris

537 1874 1031 1956 tabernaculum,
1066 1874 1360 1963 quicquid
1395 1888 1523 1943 erat
1553 1876 1837 1958 remedii,
1886 1876 2115 1964 gaudii,
2149 1877 2372 1954 solatii,
2412 1888 2625 1943 sancte
2658 1877 2811 1964 spei.
2859 1876 3061 1941 Porro

540 1987 686 2029 cum
720 1965 801 2029 ita
834 1975 1092 2049 repente
1138 1962 1312 2050 plura
1343 1987 1477 2029 non
1509 1966 1839 2050 potueritis
1871 1967 2174 2046 invenire,
2224 1988 2357 2030 non
2390 1976 2581 2031 nocet
2612 1966 2838 2031 iterum
2878 1974 3063 2051 atque

542 2053 766 2117 iterum
801 2049 1150 2137 fragmenta
1196 2050 1491 2138 colligere
1525 2064 1587 2119 et
1632 2054 1825 2119 micas
1858 2052 2100 2133 tollere,
2148 2076 2269 2140 que
2302 2052 2379 2119 de
2429 2054 2664 2118 mensis
2696 2063 3061 2118 nostrorum

541 2150 845 2205 corruunt
891 2137 1334 2220 dominorum,
1394 2151 1464 2206 ut
1508 2140 1765 2228 reliquie
1812 2164 1947 2206 non
2003 2142 2126 2206 iam
2186 2142 2678 2228 cogitationum,
2744 2151 2838 2206 set
2892 2139 3064 2205 locu-

537 2228 788 2293 tionum
824 2245 885 2293 et
919 2250 1184 2315 operum
1233 2226 1462 2294 festum
1496 2240 1702 2316 agant,
1752 2227 1930 2317 quale
1969 2240 2118 2295 tunc
2150 2228 2284 2309 fuit,
2335 2252 2478 2294 cum
2512 2227 2746 2294 articuli
2780 2227 3064 2314 legeren-

539 2336 659 2396 tur,
709 2314 811 2381 ubi
860 2314 1041 2380 effata
1086 2338 1264 2381 aures
1312 2314 1637 2382 surdarum
1685 2315 1971 2404 aspidum
2020 2318 2261 2404 aperuit
2310 2328 2371 2383 et
2418 2339 2491 2381 os
2539 2340 2722 2382 suum
2770 2316 3061 2403 iniquitas

540 2402 815 2489 opilavit.
909 2403 1213 2469 Ceterum
1260 2403 1431 2491 quod
1479 2404 1555 2471 de
1597 2406 2055 2471 communione
2103 2428 2214 2491 per
2258 2404 2595 2471 fenestram
2642 2405 2921 2492 positum
2971 2414 3064 2469 est

542 2492 605 2555 in
653 2491 852 2557 littera
899 2492 1200 2577 magistri,
1249 2514 1381 2557 non
1429 2515 1546 2558 vos
1594 2493 1909 2559 molestet.
1996 2496 2163 2560 Nam
2211 2492 2355 2559 licet
2401 2491 2479 2558 de
2527 2490 2825 2558 mandato
2872 2492 3063 2578 ipsius

540 2596 766 2658 cetera,
813 2589 1001 2665 prout
1032 2578 1210 2645 vobis
1260 2579 1481 2646 melius
1531 2579 1822 2667 expedire
1856 2580 2110 2661 credidi,
2160 2579 2573 2661 ordinassem,
2620 2592 2770 2647 tunc
2803 2601 3062 2666 presens

543 2689 674 2732 non
722 2664 994 2747 aderam,
1042 2665 1294 2755 quando
1343 2666 1440 2734 illa
1487 2667 1731 2735 addicio
1783 2667 2179 2737 scribebatur.
2273 2669 2382 2736 Set
2419 2669 2620 2757 placet
2666 2669 2841 2748 mihi,
2890 2666 3060 2755 quod

542 2756 605 2819 in
653 2754 854 2820 choro
902 2766 1112 2821 vestro
1162 2758 1646 2823 communicetis
1694 2782 1728 2823 a
1776 2757 2104 2844 capellanis
2151 2759 2402 2838 vestriS,
2465 2758 2569 2845 qui
2617 2758 2907 2822 iuventur
2952 2778 3063 2842 per

540 2865 887 2908 conversos
936 2854 1238 2923 maturOS,
1286 2846 1564 2929 proviSO,
1627 2844 1800 2933 quod
1846 2845 2276 2931 ingrediantur
2324 2865 2385 2911 et
2433 2843 2829 2931 egrediantur
2876 2844 3061 2909 sacris

541 2929 742 2996 induti
772 2928 1068 3011 vestibus,
1117 2930 1289 3018 quod
1323 2931 1504 2998 decet
1549 2931 1927 2998 sacerdotes.
1999 2933 2319 3021 Alioquin,
2369 2932 2662 2999 columbe
2708 2943 3060 3018 gementeS‚

541 3030 776 3085 vestras
832 3017 1188 3085 revolabitis
1235 3017 1310 3084 ad
1359 3020 1679 3087 fenestras,
1772 3020 2064 3109 Reliqua,
2128 3023 2181 3086 si
2285 3045 2363 3087 ua
2409 3020 2667 3100 desunt,
2728 3042 2839 3106 per
2894 3020 3062 3086 vices

539 3105 827 3194 supplere
873 3125 1122 3193 poter0,
1167 3119 1357 3193 prout
1402 3106 1709 3175 videbitur
1757 3121 2165 3197 oportunum.
2316 3131 2447 3196 ogo
2495 3120 2704 3175 autem
2745 3106 3061 3174 humiliter

543 3206 605 3261 et
637 3193 887 3275 obnixe,
936 3206 1240 3282 quatenus
1273 3197 1633 3283 ignoscatiS,
1682 3198 1731 3262 si
1767 3217 2161 3284 exasperatus
2194 3196 2526 3285 aliquando
2575 3196 2849 3282 asperius
2883 3194 3061 3262 vobis

539 3281 766 3348 scribO.
844 3283 1011 3349 Nam
1046 3305 1156 3350 cor
1202 3307 1417 3350 meum
1468 3306 1614 3371 erga
1643 3307 1761 3351 vos
1808 3286 1873 3349 in
1921 3283 2103 3351 cubili
2136 3308 2252 3351 suo
2341 3284 2558 3350 lenum
2593 3294 2706 3363 est,
2752 3294 2821 3349 ut
2852 3307 2879 3348 s
2928 3306 3060 3362 er0,

541 3389 751 3436 sancta
812 3371 1099 3451 karitate,
1169 3394 1290 3459 que
1346 3371 1592 3440 utiliora
1664 3372 1888 3459 probat
1955 3372 2211 3439 vulnera
2278 3308 2591 3459 diligentis
2656 3305 3060 3437 fraudulentis

540 3458 770 3524 osculis
843 3457 1233 3526 blandientis,
1345 3458 1833 3527 Absolutionem
1910 3480 1968 3527 et
2037 3460 2572 3549 dispensationem
2644 3459 3056 3545 largissimam

542 3547 822 3632 magistri
931 3569 996 3613 er
1056 3565 1296 3612 certum
1362 3549 1652 3614 nuntium
1720 3549 1966 3615 mittam
2030 3548 2243 3630 vobiS,
2309 3546 2481 3635 quod
2547 3548 2659 3613 hac
2724 3548 2860 3612 vice
2927 3569 3057 3611 non

585 3645 828 3700 oteram
898 3657 1076 3699 acere
1122 3633 1402 3722 plurimis
1451 3647 1811 3722 occupatuS.
1890 3637 2037 3702 Duo
2088 3635 2347 3703 claustra
2393 3659 2527 3701 non
2572 3635 2953 3721 scripserunt
3000 3647 3060 3700 et

587 3744 666 3787 oc
724 3719 867 3787 ideo
925 3721 1232 3803 fortassis,
1291 3724 1431 3810 quia
1489 3736 1735 3790 nostras
1793 3724 2022 3790 litteras
2080 3748 2212 3790 non
2268 3724 2577 3790 viderunt.
2671 3721 2893 3788 Valete
2940 3733 3057 3788 etc.

542 3809 778 3875 Datum
824 3810 1224 3895 Hagenowie
1274 3823 1389 3877 etc.

756 3991 772 4019 ¹
810 3983 912 4037 HS.
954 3993 1142 4037 vestra.

752 4143 860 4197 Fol.
906 4142 1017 4213 169.

1740 4333 1872 4403 122.

760 4458 1247 4546 Ordensgeneral
1279 4459 1550 4550 (Munio)
1584 4460 1938 4547 beauftragt
1982 4462 2075 4525 die
2112 4460 2254 4526 Stra
2246 4459 2538 4548 ssburger
2584 4462 2645 4525 in
2677 4459 3060 4525 Schlettstadt

541 4547 669 4647 zan-d
693 4547 1017 4647 ‘Hagenau
1061 4548 1392 4651 weilqnden
1438 4548 1880 4614 Dominikaner
1941 4551 2050 4613 mit
2078 4548 2200 4650 ‘der
2251 4547 2597 4700 Θνὶὶηάιιηέ
2651 4550 2806 4612 eines
2850 4549 3057 4652 irfferi-

542 4634 876 4699 mzstzschen
923 4635 1162 4700 Hauses
1208 4659 1270 4701 m
1317 4636 1622 4723 Hagenau-
1677 4636 1818 4702 oder
1860 4650 2021 4701 sonst
2065 4660 2126 4700 m
2183 4637 2289 4700 der
2340 4636 2544 4723 Strass
2583 4658 2768 4722 urger
2813 4635 3060 4699 Dzocese
