3505 5335
421 361 465 430 J.
511 364 659 428 1276.
1597 362 1787 416 Briefe.
2836 370 2860 413 Ι
2872 369 2948 414 01

422 519 758 672 limpiinum
808 520 1061 586 caritate
1120 542 1335 586 arcum
1385 532 1700 602 conterat,
1762 543 1934 587 arma
1982 520 2369 608 confringat,
2428 521 2666 589 conflet
2711 521 2956 608 gladios

421 630 485 673 m
576 629 782 692 gones
832 660 844 673 .
898 660 910 673 .
963 661 976 673 .
2167 646 2172 651 ·

633 827 651 856 1
688 836 851 871 manu
889 818 1194 871 undeutlich
1216 804 1334 872 Hs,
1482 826 1503 854 2
1539 820 1758 872 oborata
1795 820 1899 872 Hs,

628 1011 740 1066 Fol.
774 1026 888 1080 123.
954 1012 1078 1064 Von
1117 1013 1355 1082 quamvis
1393 1012 1695 1083 hujusmodi
1732 1014 1965 1066 mutacio
2005 1031 2085 1066 an.
2108 1013 2326 1067 werden
2365 1013 2449 1067 die
2486 1013 2762 1067 einzelnen
2801 1015 2954 1067 Satze

420 1102 513 1152 mit
552 1100 685 1153 adde
723 1101 767 1152 si
804 1101 882 1153 vis
922 1100 1196 1170 angefugt.
1272 1101 1733 1154 Wahrscheinlich
1771 1102 2032 1172 Konzept.
2106 1102 2177 1154 Es
2215 1101 2353 1172 folgt
2397 1101 2541 1154 noch
2579 1102 2697 1154 eine
2734 1100 2954 1171 langere

419 1188 580 1241 Stelle
619 1205 710 1240 aus
751 1187 1042 1241 Cassiodor
1088 1189 1217 1241 uber
1263 1188 1365 1241 den
1404 1188 1643 1243 Frieden.
1717 1189 1831 1242 Aus
1878 1189 2002 1242 dem
2040 1190 2327 1242 Schreiben
2379 1189 2546 1260 klingt
2585 1187 2816 1242 deutlich
2861 1190 2955 1242 der

418 1277 618 1329 Unmut
657 1276 750 1329 des
791 1276 1112 1329 Provinzials
1152 1277 1281 1329 uber
1318 1277 1409 1329 das
1448 1276 1751 1347 k6nigliche
1791 1277 2083 1331 Ansinnen.

1638 1504 1728 1572 77.

627 1628 984 1714 Provinzial
1046 1625 1325 1715 (Ulrich)
1388 1628 1516 1693 teilt
1572 1629 1682 1692 den
1744 1628 2059 1693 deutschen
2106 1627 2592 1693 Dominikanern
2654 1629 2749 1693 die
2805 1629 2946 1693 Ver·

416 1717 640 1802 legung
685 1715 784 1781 des
831 1713 1443 1802 Provinzialkapitels
1488 1717 1615 1780 mit.
1713 1712 1968 1805 (1276.)

623 1821 1030 1887 Provincialis
1078 1821 1385 1886 universis
1432 1844 1545 1908 per
1576 1821 2026 1887 >Teuthoniam
2082 1819 2370 1886 fratribus
2417 1819 2496 1886 de
2542 1819 2950 1887 translatione

414 1908 682 1996 capituli.
750 1910 1159 1975 Universitati
1179 1920 1386 1975 vestre
1418 1907 1814 1995 presentibus
1839 1910 2216 1988 innotescat,
2250 1907 2425 1996 quod
2458 1930 2677 1995 nuper,
2713 1931 2855 1974 cum
2884 1909 2947 1973 in

412 1996 687 2082 partibus
721 1996 1021 2082 degerem
1069 1995 1518 2078 transalbinis,1
1563 1999 1772 2084 recepi
1805 1996 2038 2063 litteras
2070 1995 2321 2062 illustris
2355 1998 2522 2083 regis
2554 1997 2946 2062 Boemorum

413 2108 484 2150 ac
530 2084 792 2151 fratrum
841 2096 1196 2151 conventus
1225 2086 1635 2151 Wiennensis
1684 2109 1804 2151 nec
1851 2108 1986 2150 non
2033 2084 2301 2150 aliorum
2349 2083 2463 2149 sub
2512 2083 2947 2150 obtestacione

412 2171 742 2239 multifaria
815 2175 1331 2258 suggerentium,
1399 2184 1705 2261 quatenus
1767 2185 2027 2259 propter
2098 2173 2436 2258 opiniones
2502 2170 2810 2237 bellorum
2888 2187 2949 2238 et

411 2259 786 2341 sedicioneS,
835 2260 1058 2348 quibus
1101 2261 1353 2326 Austria
1400 2284 1543 2326 cum
1591 2259 2016 2326 adiacentibus
2063 2258 2178 2326 sibi
2218 2261 2560 2347 provinciis
2606 2258 2946 2339 lacessitur,

409 2347 792 2432 provinciale
818 2360 1109 2414 nostrum
1137 2347 1476 2435 capitulum
1497 2347 1921 2430 transferatur,
1954 2347 2325 2435 perturbatis
2348 2349 2520 2413 enim
2543 2348 2947 2413 conscientiis

411 2459 557 2502 seva
617 2435 1144 2522 presumentibuS.
1263 2437 1353 2502 Ita
1423 2459 1533 2522 per
1599 2438 1890 2502 omnium
1961 2438 2202 2502 viarum
2272 2436 2472 2522 capita
2534 2446 2596 2501 et
2649 2436 2943 2501 itinerum

410 2526 686 2610 compita
720 2523 1058 2590 custodum
1106 2522 1407 2590 industria
1437 2523 1652 2611 vigilat
1697 2535 2108 2604 armatorum,
2157 2535 2224 2590 ut
2265 2546 2461 2589 nemo
2496 2523 2945 2611 cuiuscumque

313 2687 329 2695 ἢ,
409 2612 535 2678 vite
581 2623 686 2679 aut
732 2611 1146 2700 professionis
1205 2611 1348 2679 illuc
1394 2612 1640 2699 ingredi
1696 2624 1802 2679 aut
1848 2611 2096 2699 regredi
2143 2611 2342 2679 valeat
2402 2611 2569 2678 salva
2613 2634 2786 2699 pace.
2880 2612 2946 2678 Si

409 2723 529 2787 que
596 2701 1001 2767 inveniuntur
1061 2699 1262 2767 littere
1335 2703 1498 2768 inter
1558 2699 1904 2767 discussam
1978 2700 2471 2789 suppellectilem
2537 2719 2599 2766 et
2659 2699 2944 2766 lustratas

409 2790 659 2854 exuvias
707 2789 1120 2870 nudatorum‚
1183 2790 1314 2876 ipse
1370 2790 1566 2855 totius
1625 2791 1849 2855 secreti
1906 2791 2207 2855 iacturam
2260 2787 2531 2854 subeunt
2575 2787 2800 2854 laniate
2843 2788 2943 2854 vel

408 2889 605 2957 certe,
672 2879 721 2942 si
786 2878 1120 2965 quicquam
1184 2878 1551 2958 continent,
1617 2876 1792 2965 quod
1855 2878 2161 2943 maiestati
2223 2878 2397 2963 regie
2445 2878 2523 2941 sit
2584 2875 2940 2958 adversum,

406 2964 738 3030 tremende
798 2966 1022 3030 mortis
1080 2963 1405 3051 dispendia
1471 2967 1741 3050 portitor
1805 2988 1938 3031 non
2009 2964 2252 3032 evadet.
2356 2964 2669 3045 Quamvis
2730 2976 2941 3029 autem

409 3053 836 3138 experimenta
884 3063 947 3117 et
991 3054 1357 3118 testimonia
1403 3054 1592 3118 nimis
1627 3051 1942 3119 credibilia
1987 3064 2338 3119 astruerent
2377 3052 2544 3118 hunc
2577 3074 2939 3134 rumorem,

408 3160 480 3203 ea
511 3157 724 3203 tamen
758 3140 846 3205 uti
879 3163 1013 3205 non
1047 3138 1229 3205 debui
1264 3151 1597 3227 potestate,
1628 3158 1698 3206 ut
1729 3163 1842 3227 per
1875 3164 1979 3207 me
2013 3139 2441 3206 convellerem
2468 3151 2573 3206 aut
2606 3151 2939 3220 mutarem,

407 3224 578 3311 quod
626 3248 738 3312 per
771 3228 1279 3313 conscriptorum
1318 3238 1452 3293 acta
1483 3239 1732 3313 patrum
1780 3226 1981 3310 fuerat
2011 3229 2267 3293 racione
2301 3223 2682 3293 ordinatum.
2750 3226 2940 3294 Unde

406 3314 469 3377 in
518 3312 785 3379 domum
823 3367 835 3379 .
875 3316 1165 3401 ‚priores
1213 3326 1276 3380 et
1321 3314 1540 3381 fratres
1587 3313 1901 3402 quosdam
1949 3314 2104 3381 alios
2153 3314 2330 3380 dono
2379 3313 2625 3380 consilii
2655 3315 2938 3401 preditos

407 3403 780 3481 convocavi,
832 3401 1052 3488 quibus
1085 3425 1210 3467 una
1256 3426 1511 3468 mecum
1545 3405 1751 3469 visum
1802 3414 1894 3469 est
1940 3402 2181 3468 bonum
2219 3413 2281 3468 et
2330 3401 2670 3489 expedietis
2704 3401 2935 3469 habun-

405 3487 592 3555 dante
626 3488 864 3556 cautela
909 3490 1269 3576 prospicere
1303 3489 1542 3556 ordinis
1588 3490 1927 3571 honestati,
1976 3501 2044 3556 ut
2074 3489 2366 3557 videlicet
2407 3501 2646 3556 secreta
2677 3489 2934 3557 fratrum

403 3575 642 3665 direpta
704 3600 838 3643 non
901 3577 1386 3664 ponantur·sub
1449 3578 1647 3645 oculis
1704 3578 1854 3645 solis
1912 3579 2127 3659 huius,
2204 3579 2393 3645 etiam
2450 3580 2501 3644 si
2566 3576 2763 3644 nullas
2820 3580 2839 3643 i
2887 3582 2938 3645 si

402 3676 762 3750 paterentur
809 3664 1225 3731 contumelias
1282 3678 1344 3733 et
1403 3689 1667 3732 errores.
1775 3667 1971 3753 Igitur
2031 3668 2094 3731 in
2142 3668 2409 3733 nomine
2464 3667 2653 3753 patris
2711 3684 2773 3733 et
2874 3667 2936 3732 lii

403 3771 465 3818 et
511 3755 761 3840 spiritus
808 3754 1005 3819 sancti
1052 3776 1217 3819 onus
1264 3767 1328 3821 et
1372 3754 1692 3820 honorem
1738 3755 2138 3842 provincialis
2185 3756 2388 3821 nostri
2436 3753 2705 3842 capituli,
2763 3756 2935 3843 quod

402 3841 464 3904 in
500 3842 776 3907 Wienna
823 3840 1121 3908 debuerat
1154 3840 1468 3923 celebrari,
1516 3841 1593 3908 ad
1625 3841 1896 3908 domum
1945 3895 1958 3908 .
2012 3895 2024 3908 .
2073 3842 2381 3909 transfero
2429 3865 2542 3929 per
2586 3862 2934 3930 presentes,

402 3928 707 3995 mandans
754 3928 926 4017 quod
974 3931 1216 4016 priores
1264 3930 1492 4017 singuli
1540 3954 1687 3997 cum
1736 3929 1950 3997 electis
2012 3929 2127 3995 sibi
2174 3932 2363 3996 sociis
2411 3929 2488 3996 ad
2534 3930 2749 3997 locum
2798 3954 2947 4017 pre--

402 4013 638 4082 dictum
690 4019 750 4081 in
800 4019 1120 4084 nativitate
1166 4019 1427 4104 virginis
1473 4018 1754 4105 gloriose
1804 4029 2026 4085 curent
2081 4017 2402 4099 accedere,
2452 4030 2520 4085 ut
2567 4030 2842 4106 oportet.

610 4384 721 4438 Fol.
754 4399 867 4450 124.
933 4386 1003 4439 Es
1041 4386 1202 4455 folgt:
1244 4387 1521 4453 FratribuS‚
1564 4389 1648 4440 ubi
1686 4389 1899 4457 ponitur
1931 4388 2233 4458 capitulum,
2272 4386 2383 4440 fere
2422 4404 2515 4457 per
2541 4387 2680 4440 hunc
2709 4386 2931 4440 modum

400 4486 563 4540 usque
601 4472 671 4523 ibi
699 4473 985 4527 »celebrari
1010 4474 1076 4527 ad
1102 4474 1373 4529 domum«.
1429 4475 1669 4529 Addatur
1693 4477 1943 4530 vestram'.
1995 4474 2275 4541 FratribuS,
2315 4475 2399 4527 ubi
2428 4484 2549 4545 post
2575 4474 2670 4528 fuit
2697 4476 2932 4545 positum

398 4559 685 4628 capitulum
723 4560 1030 4630 simpliciter
1068 4571 1122 4615 ut
1161 4564 1412 4632 supra(?).
