3505 5335
564 357 587 400 Ι
604 355 685 400 20
1728 348 1919 402 Briefe.
2842 348 2886 417 J.
2933 348 3079 398 1288.

1775 558 1869 627 97.

555 783 578 859 (
672 682 1151 862 888Ρνουίηζὶαί
1170 682 1521 772 Hermann)
1541 681 1823 748 verbietet
1843 683 1954 747 den
1987 683 2044 746 V
2037 681 2244 748 erkehr
2269 685 2375 746 mit
2401 682 2543 748 Stra
2536 681 2780 782 ssbnrg.
2819 682 2906 745 W
2901 704 3076 745 orms.

590 793 664 838 12
764 825 776 838 .

763 879 1190 958 Ammonitio,
1239 901 1319 944 ne
1366 876 1583 943 fratres
1623 875 1948 942 absolvant
1997 875 2320 942 audientes
2354 875 2562 941 divina
2607 877 2671 940 in
2710 875 3078 960 Argentina.

555 967 724 1046 Quia
778 967 1197 1053 permissione
1246 964 1454 1031 divina
1498 983 1759 1030 vacante
1820 963 2019 1030 domo
2067 965 2520 1050 Argentinensi
2578 963 2758 1029 multi
2804 985 2916 1049 per
2961 974 3081 1028 ter·

555 1055 766 1120 minos
801 1053 964 1120 dicte
998 1052 1229 1120 domus
1263 1053 1615 1120 discurrunt
1649 1051 2047 1118 absolventes
2082 1053 2689 1133 excommunicatOS,
2740 1062 2805 1117 ut
2837 1049 3079 1129 dicitur,

597 1143 660 1209 ui
720 1143 940 1208 missas
1000 1143 1064 1207 in
1111 1143 1459 1227 Argentina
1515 1165 1548 1206 a
1605 1139 1883 1228 profanis
1943 1139 2371 1206 sacerdotibus
2428 1138 2828 1219 audiverunt,
2893 1140 3081 1205 inter-

554 1167 790 1297 iiictum
828 1230 1074 1297 domini
1106 1230 1297 1316 legati
1324 1241 1564 1296 temere
1597 1227 1907 1295 violantes
1943 1240 2006 1295 et
2037 1228 2149 1293 alia
2182 1252 2304 1316 que
2340 1251 2472 1293 non
2507 1239 2763 1314 oportet
2788 1225 3079 1293 declarari
3110 1277 3114 1280 .

553 1319 946 1405 presentibus
1015 1316 1536 1405 su'peraddenteS,
1605 1318 2076 1383 universitatem
2150 1335 2421 1383 vestram
2494 1317 2744 1404 requiro
2805 1314 3081 1381 districte

554 1405 896 1492 prohibens
940 1418 1002 1472 et
1046 1407 1408 1493 iniungenS,
1456 1417 1762 1492 quatenus
1810 1404 1959 1470 nulli
2007 1403 2265 1491 fratrum
2299 1424 2655 1470 vestrorum
2703 1403 2861 1469 detis
2893 1402 3082 1468 licen-

553 1497 702 1560 tiam
753 1494 1071 1582 predictos
1118 1495 1430 1560 terminos
1477 1492 1767 1560 visitandi
1827 1493 1963 1558 sine
2013 1516 2194 1559 causa
2239 1491 2589 1558 rationabili
2646 1511 2707 1557 et
2754 1490 3082 1557 manifesta

553 1584 856 1669 premissa
903 1581 1350 1649 deliberatione
1408 1605 1553 1648 cum
1601 1605 1711 1647 sex
1766 1580 2053 1647 fratribus
2110 1592 2543 1647 conventuum
2590 1598 2946 1646 vestrorum
3005 1578 3082 1643 ad

554 1671 678 1737 hoc
727 1682 1259 1751 convocatorum,
1319 1693 1592 1758 quorum
1651 1669 2069 1735 conscientias
2126 1670 2191 1734 in
2250 1669 2371 1734 hoc
2421 1691 2654 1748 oner0,
2713 1666 2887 1755 quod
2932 1686 3081 1733 tunc

555 1758 814 1825 demum
865 1757 1181 1825 licentiam
1233 1758 1362 1824 dari
1409 1757 1730 1837 suadeant,
1781 1781 1925 1823 cum
1957 1780 2104 1823 vere
2153 1757 2482 1823 utilitatem
2531 1768 2592 1822 et
2643 1756 3078 1821 necessitatem

554 1847 678 1913 hoc
735 1859 1026 1934 expetere
1087 1847 1383 1912 noverint
1440 1845 1822 1912 evidentem.
1932 1844 2079 1910 Illos
2140 1857 2381 1927 autem,
2447 1846 2551 1931 qui
2612 1843 2689 1910 de
2734 1845 3083 1930 Argentina

555 1937 683 2001 nati
715 1947 880 2015 sunt,
930 1958 1193 2015 mone0,
1243 1933 1416 2022 quod
1460 1933 1617 2000 locis
1663 1934 1791 1998 suis
1825 1934 2110 1999 contenti
2157 1934 2281 1999 sint
2323 1953 2383 1999 et
2417 1934 2648 1999 civitati
2694 1954 2827 1997 non
2859 1954 3082 2018 appro-

555 2025 861 2110 pinquent
907 2046 1024 2089 nec
1070 2045 1373 2109 personas
1422 2032 1694 2088 evocent
1746 2045 1818 2086 ac
1864 2045 1898 2086 a
1946 2022 2250 2087 missione
2308 2022 2688 2087 nunciorum
2736 2019 3083 2086 abstineant

557 2131 618 2177 et
652 2113 838 2177 etiam
871 2111 1236 2190 litterarum,
1286 2134 1365 2176 ne
1401 2133 1503 2176 me
1538 2120 1831 2196 oporteat
1862 2110 2020 2175 circa
2069 2110 2239 2196 ipsos
2274 2108 2438 2175 aliud
2471 2107 2782 2174 ordinare.
2843 2107 3083 2173 Valete.

555 2200 789 2265 Datum
844 2199 1228 2264 Wormacie.

766 2410 876 2462 Fol.
922 2425 1009 2476 151
1036 2422 1064 2450 v
1078 2453 1088 2463 .
1164 2400 1309 2463 Uber
1346 2408 1429 2461 die
1468 2407 1827 2477 Strassburger
1866 2407 2227 2459 Verbaltnisse
2268 2407 2372 2475 vgl.
2414 2407 2731 2476 Einleitung.

1780 2617 1878 2686 98.

765 2743 1120 2828 Provinzial
1169 2741 1547 2832 (Hermann)
1594 2742 1947 2830 beauftragt
2000 2743 2315 2808 Genannte
2363 2745 2424 2807 in
2472 2742 2576 2807 der
2623 2741 2904 2828 Zofinger
2951 2742 3082 2806 An-

550 2831 936 2918 gelegenheit.
1031 2830 1309 2896 Kolmar.
1406 2828 1657 2919 (1288.)

766 2937 959 3002 Fratri
1008 2937 1265 3002 Cstnoni
1314 2934 1391 3002 de
1432 2934 1791 3021 ,Ygesdorf,
1840 2934 2176 3001 lectoribus
2225 2934 2543 3001 Basiliensi
2594 2947 2654 3001 et
2702 2934 3085 3020 Zouingensl

555 3024 970 3110 provincialis
1065 3024 1234 3103 Quia
1283 3035 1619 3090 strennuus
1666 3025 1759 3089 vir
1808 3035 1869 3089 et
1916 3023 2222 3089 honestus
2271 3021 2569 3089 dominus
2617 3023 2705 3088 M.
2757 3021 2834 3088 de
2878 3022 3083 3089 Yfetai

556 3112 756 3192 mileS,
805 3113 1041 3178 amicus
1075 3111 1313 3178 ordinis
1347 3111 1649 3199 specialis,
1693 3135 1798 3177 me
1830 3113 2077 3197 rogavit
2111 3113 2434 3191 instanter,
2483 3123 2548 3177 ut
2580 3109 2658 3176 ad
2688 3110 3080 3177 tractandum

557 3200 634 3266 de
680 3223 832 3287 pace
883 3219 943 3266 et
977 3199 1319 3266 concordia
1366 3223 1511 3266 cum
1558 3201 1884 3287 preposito
1920 3211 1983 3266 et
2029 3200 2349 3266 canonicis
2382 3198 2885 3285 Zouingensibus
2934 3222 3086 3265 con-

556 3290 840 3355 venirem
888 3289 949 3353 in
986 3288 1311 3370 Basileam,
1362 3287 1438 3355 de
1487 3287 1868 3354 discretione
1904 3306 2108 3354 vestra
2156 3285 2455 3367 confisuS,
2506 3311 2648 3353 cum
2697 3288 2818 3352 sim
2856 3288 2918 3352 in
2953 3286 3103 3352 aliis·

556 3388 919 3464 occupatus»,
967 3376 1147 3442 vobis
1180 3378 1467 3463 iniungo,
1516 3378 1806 3463 quatinus
1847 3377 1910 3442 in
1945 3387 2207 3443 tractatu
2283 3374 2525 3441 redicto
2558 3397 2779 3461 gerere
2812 3374 3085 3441 debeatis

556 3464 830 3550 plenarie
878 3466 1046 3531 vices
1094 3488 1286 3531 meas,
1381 3462 1621 3531 Valete.
1717 3465 1954 3530 Datum
2004 3463 2236 3530 Colum
2285 3464 2429 3528 arie.

767 3656 877 3709 Fol.
923 3672 1034 3723 152.

1776 3796 1873 3863 99.

767 3918 1121 4004 Provinzial
1155 3916 1535 4009 (Hermann)
1569 3918 1805 4006 befiehlt
1838 3922 1960 4008 auf
1992 3921 2086 3985 die
2120 3921 2319 4006 Klage
2352 3921 2450 3986 des
2497 3920 2824 3987 rbmischen
2860 3921 3019 3985 Kbni
3058 3944 3086 3984 s

553 4010 665 4073 den
722 4005 1224 4074 Ordensbrildern
1270 4031 1348 4093 zu
1394 4008 1557 4072 Bern
1603 4007 1713 4073 das
1758 4031 1895 4073 vom
1941 4008 2222 4095 Bischofe
2266 4032 2382 4075 von
2429 4010 2755 4074 Lausanne
2801 4007 2946 4073 iiber
2993 3944 3087 4074 cg'e.

561 4097 736 4162 stadt
781 4095 1112 4181 verhc'ingte
1144 4094 1436 4160 Interdikt
1478 4119 1556 4181 zu
1604 4095 1959 4161 beobachten
2004 4096 2133 4161 und
2177 4099 2441 4161 erinnert
2485 4099 2569 4161 sie
2601 4118 2682 4161 an
2729 4095 2828 4160 des
2861 4096 3087 4182 Kbnigs

565 4184 902 4250 Verdz'enste
947 4206 1048 4247 um
1097 4183 1209 4248 den
1265 4181 1492 4249 Orden.
1587 4183 1865 4249 Kolmar.
1960 4181 2213 4274 (1288.)

766 4290 968 4355 Priori
1029 4300 1090 4355 et
1151 4287 1437 4355 fratribus
1501 4287 1921 4355 Bernensibus
1987 4290 2403 4376 provincialis
2514 4287 2859 4369 Querelam
2923 4313 3087 4355 sere-

556 4378 799 4443 nissimi
848 4375 1092 4442 domini
1139 4378 1303 4463 regis
1353 4378 1791 4444 Romanorum
1841 4400 2097 4464 gravem
2150 4379 2362 4463 accepi
2409 4400 2485 4442 ex
2534 4399 2642 4458 e0,
2699 4376 2892 4464 quod,
2942 4401 3085 4443 cum

556 4464 854 4530 dominus
916 4465 1377 4530 Lausannensis
1444 4467 1777 4552 episcopus
1837 4466 2154 4531 civitatem
2218 4465 2604 4531 Bernensem
2663 4464 3085 4532 ecclesiastico

555 4551 955 4639 subposuerit
1020 4551 1377 4633 interdicto,
1437 4552 1659 4619 volens
1721 4552 2221 4619 iurisdictionem
2286 4552 2703 4640 temporalem
2769 4553 3086 4640 spirituali,

555 4642 714 4706 sicut
748 4640 978 4721 debuit,
1028 4640 1338 4720 adiuvare,
1388 4665 1503 4707 vos
1537 4639 1599 4706 id
1640 4652 1883 4707 temere
1920 4664 2063 4706 cum
2097 4639 2405 4726 religiosis
2438 4639 2810 4728 quibusdam
2842 4640 3086 4707 violatis
