3505 5335
442 327 486 396 J.
531 343 680 406 1264.
1617 341 1808 395 Briefe.
2908 332 2944 392 6
2959 350 2982 392 1

441 500 619 567 turba
650 502 1084 587 poscencium,
1121 501 1344 567 vestris
1377 518 1587 566 autem
1621 502 1788 568 votis
1821 502 2364 582 convenientium,
2413 503 2617 566 immo
2652 500 2978 569 desideriis

445 589 956 655 concurrentium
983 587 1542 655 Teuthonicorum
1567 606 1754 676 atque
1778 587 2174 654 Polonorum
2207 588 2446 656 ordinis
2468 591 2669 655 nostri
2699 589 2980 671 fratrum,

444 678 547 766 qui
623 677 907 743 certatim
987 675 1100 742 sub
1168 677 1571 763 protectione
1652 688 1783 742 tam
1860 677 1946 762 pii
2030 677 2325 763 principis
2404 678 2637 743 servire
2713 677 2982 744 domino

444 765 768 852 cupientes
800 763 976 829 bono
1006 765 1348 830 certamine
1377 786 1626 830 cursum
1663 787 2130 845 consummare,
2179 763 2374 830 fidem
2409 764 2781 831 catholicam
2816 766 2979 853 apud

442 875 557 918 vos
605 875 717 918 seu
755 874 1004 918 servare
1053 875 1164 917 seu
1211 873 1559 939 propagare
1594 851 1823 918 debere
1871 851 2162 919 dicebant
2211 864 2272 919 et
2306 852 2666 939 evangelica
2713 854 2980 921 instruc-

441 942 617 1007 tione
662 962 777 1027 per
806 951 1138 1026 angustam
1184 950 1434 1026 portam
1482 940 1547 1004 in
1593 951 1758 1005 terra
1790 958 1995 1006 vestra
2038 939 2408 1027 ponendam
2453 942 2684 1006 intrare
2730 940 2978 1008 fervore

444 1029 692 1115 spiritus
755 1026 1245 1094 contendebant.
1354 1027 1493 1113 Ego
1561 1050 1711 1093 sane
1774 1026 2125 1093 mirandam
2188 1030 2540 1116 pariterque
2602 1027 2975 1095 laudandam

443 1116 604 1182 hanc
652 1116 1147 1182 contencionem
1201 1115 1598 1195 existimanS,
1661 1127 1730 1181 ut
1777 1114 2084 1200 religiosi,
2132 1117 2237 1203 qui
2284 1115 2424 1181 alibi
2472 1116 2754 1202 propulsi
2800 1116 2980 1183 diffu-

442 1205 652 1290 giunt,
714 1201 828 1269 sub
875 1202 998 1268 alas
1044 1221 1282 1269 vestras
1330 1201 1674 1289 confugere
1724 1204 1812 1268 sic
1860 1202 2283 1284 contendant,
2348 1205 2643 1270 commisi
2690 1203 2979 1271 fratribus

443 1290 519 1357 ad
564 1291 690 1357 hoc
739 1289 816 1357 de
865 1291 1193 1356 communi
1243 1289 1511 1357 consilio
1560 1289 1892 1372 ordinatiS,
1947 1301 2045 1372 ut,
2094 1313 2283 1378 quam
2333 1293 2459 1358 cito
2506 1303 2836 1379 poterunt,
2901 1292 2979 1359 ad

443 1378 572 1445 illas
663 1390 824 1445 artes
871 1377 1243 1445 accedentes
1293 1378 1537 1445 oculata
1582 1377 1709 1455 fide
1757 1376 2096 1459 diffiniant,
2159 1377 2264 1444 ubi
2313 1391 2375 1446 et
2420 1402 2455 1444 a
2500 1379 2723 1467 quibus
2769 1392 2978 1448 vestre

443 1469 542 1554 pie
637 1467 964 1534 evocionis
1013 1478 1076 1532 et
1123 1465 1354 1533 devote
1403 1465 1744 1533 nobilitatis
1793 1464 2174 1532 desiderium
2242 1465 2506 1553 dignum
2557 1480 2980 1556 consequatur

444 1554 762 1635 effectum,
810 1577 1043 1640 rogans
1092 1553 1430 1634 humiliter,
1479 1572 1786 1641 quatenus
1836 1555 1898 1619 in
1948 1576 2063 1639 pro
2111 1556 2280 1620 osito
2331 1554 2627 1621 divinitus
2675 1557 2977 1642 inspirato

445 1644 755 1722 crescatiS,
803 1654 872 1708 ut
918 1643 982 1707 in
1029 1642 1144 1708 hac
1191 1642 1528 1728 paciencia,
1577 1665 1698 1729 que
1744 1640 2012 1708 faciente
2100 1643 2325 1708 omino
2374 1665 2509 1708 non
2551 1642 2796 1730 peribit,
2844 1667 2979 1710 non

443 1730 650 1796 solum
697 1741 971 1796 vestram
1019 1741 1116 1796 set
1163 1741 1225 1796 et
1271 1729 1612 1796 multarum
1657 1730 1897 1795 animas
1942 1727 2270 1816 possidere
2318 1731 2593 1816 possitis.

653 1904 764 1958 Fol.
806 1903 898 1970 26,
946 1905 1039 1959 Nr.
1084 1906 1168 1958 26.
1244 1904 1407 1957 Trotz
1462 1904 1556 1957 des
1606 1903 1777 1957 Eifers
1826 1904 1917 1957 der
1966 1904 2452 1958 konkurrierenden
2509 1905 2824 1975 polnischen
2874 1907 2982 1960 und

444 1992 737 2047 deutschen
774 1991 1159 2045 Dominikaner
1208 1991 1331 2044 kam
1371 2007 1427 2044 es
1465 1994 1589 2062 jetzt
1636 1993 1778 2044 noch
1816 1992 1961 2045 nicht
1999 2010 2061 2045 zu
2112 1993 2259 2046 einer
2295 1993 2609 2064 Grundung.
2682 1995 2805 2048 Erst
2849 2010 2975 2064 1275

444 2080 662 2133 wurden
701 2080 784 2132 die
822 2078 1039 2131 Kloster
1075 2080 1128 2131 in
1166 2078 1348 2131 Soldin
1387 2079 1493 2132 und
1530 2080 1786 2132 Prenzlau
1825 2081 1876 2132 in
1916 2079 2008 2132 der
2043 2080 2193 2133 Mark
2231 2080 2488 2151 gestiftet.

1682 2271 1766 2339 17.

651 2396 784 2462 Ans
830 2396 1156 2462 Friesland
1196 2397 1362 2461 wird
1405 2397 1515 2462 das
1565 2394 1870 2487 (Pariser)
1925 2396 2418 2485 Generalkapitel
2475 2421 2577 2462 um
2632 2397 2980 2484 Griindung

447 2486 601 2549 eines
648 2484 916 2550 Klosters
961 2483 1221 2550 daselbst
1263 2483 1509 2571 gebeten
1558 2481 1814 2574 (1264).

657 2589 867 2654 Frisia.
945 2588 1321 2656 Sedentibus
1369 2588 1553 2654 nobis
1599 2590 1665 2654 in
1711 2588 1988 2655 tenebris
2036 2602 2097 2655 et
2143 2588 2364 2655 umbra
2405 2590 2629 2655 mortis
2677 2612 2812 2654 non
2863 2602 2977 2671 est,

445 2679 551 2766 qui
605 2689 821 2744 sancte
879 2678 1346 2744 exhortacionis
1401 2677 1618 2744 lumen
1667 2677 1956 2744 exhibeat
2011 2690 2073 2745 et
2121 2677 2198 2744 de
2259 2677 2394 2743 lacu
2451 2679 2702 2744 miserie
2759 2700 2979 2765 repere

444 2764 894 2853 temptantibus
948 2788 1084 2831 non
1133 2778 1260 2844 est,
1324 2767 1430 2852 qui
1476 2789 1738 2831 manum
1787 2767 2064 2852 porrigat
2131 2764 2518 2851 adjutricem.
2612 2766 2779 2832 Nam
2840 2766 2978 2847 hiis,

445 2877 605 2941 quos
638 2853 941 2919 hactenus
976 2853 1204 2920 habere
1228 2852 1597 2920 videbamur
1630 2852 1822 2920 duces
1854 2855 2091 2920 itineris
2125 2852 2481 2935 nobiscum,
2515 2854 2712 2939 proch
2742 2852 2977 2934 dolorl,

445 2944 511 3006 in
539 2940 921 3029 perdicionis
966 2940 1224 3008 foveam
1257 2940 1638 3007 ceciderunt.
1715 2941 1923 3006 Omni
1953 2943 2144 3028 igitur
2191 2940 2418 3008 solatio
2454 2940 2732 3007 destituti
2766 2965 2839 3007 su
2885 2965 2980 3008 re-

446 3053 623 3095 mum
672 3052 705 3095 e
738 3030 951 3096 vicino
998 3041 1206 3096 vestre
1252 3028 1699 3095 subvencionis
1730 3030 2151 3116 prestolamur
2198 3028 2575 3110 remedium,
2625 3030 2768 3116 quia
2814 2964 2978 3095 aliud

445 3140 578 3183 non
628 3135 742 3198 est,
789 3138 977 3202 super
1007 3140 1135 3204 quo
1184 3140 1251 3183 se
1285 3118 1518 3184 nostris
1566 3116 1806 3182 casibus
1841 3116 2127 3183 exhibeat
2173 3117 2669 3183 firmamentum.
2744 3118 2969 3183 Vestre

446 3206 680 3271 caritati
727 3206 922 3269 nimia
970 3228 1115 3269 cum
1160 3206 1455 3271 instantia
1501 3203 1943 3290 supplicamus,
1991 3217 2327 3291 quatenus,
2377 3205 2427 3269 si
2474 3215 2796 3292 tamquam
2843 3206 2976 3269 veri

445 3315 680 3379 sponse
714 3292 951 3359 Christi
995 3291 1299 3359 zelatores
1346 3304 1628 3378 satagere
1662 3293 1909 3373 curatiS,
1957 3315 2038 3358 ne
2085 3290 2236 3380 quid
2283 3315 2358 3357 ex
2408 3315 2478 3357 ea
2523 3303 2755 3377 pereat,
2805 3290 2978 3379 quod

446 3382 578 3467 ipse
641 3381 856 3467 precio
918 3382 1240 3466 sanguinis
1300 3380 1692 3468 accquisivit,
1760 3390 2018 3466 pensata
2076 3380 2368 3446 vivorum
2441 3391 2503 3446 et
2571 3390 2975 3445 mortuorum

447 3469 815 3534 necessitate
876 3490 995 3533 nec
1042 3470 1252 3534 minus
1309 3486 1724 3555 utrorumque
1771 3489 2086 3554 propensa
2143 3467 2405 3533 utilitate
2455 3465 2725 3533 domum
2783 3490 2976 3532 unam

446 3558 510 3621 in
555 3568 717 3622 terra
750 3566 967 3621 nostra
998 3557 1190 3621 vestri
1223 3555 1460 3622 ordinis
1503 3557 1638 3621 sine
1680 3553 2110 3640 refragacione
2143 3554 2415 3643 qualibet
2460 3553 2822 3620 concedatis
2859 3607 2872 3619 .
2907 3591 2923 3620 -.
2962 3607 2975 3619 .

656 3730 768 3783 Fol.
808 3745 891 3799 27,
930 3730 1023 3783 Nr.
1063 3746 1147 3801 29.
1222 3730 1324 3783 Die
1372 3730 1627 3783 deutsche
1666 3731 1892 3783 Provinz
1944 3730 2131 3783 erhielt
2168 3731 2220 3782 in
2257 3730 2403 3782 Paris
2452 3730 2536 3782 die
2574 3729 2849 3782 Erlaubnis
2889 3748 2977 3781 zur

448 3818 742 3888 Grundung
780 3818 976 3870 zweier
1013 3834 1176 3870 neuer
1214 3818 1444 3871 Kloster.

1670 3991 1756 4059 18.

665 4114 1152 4203 Ordensgeneral
1189 4116 1489 4197 Johannes
1532 4116 1790 4181 schreibt
1834 4138 1915 4182 an
1964 4119 2089 4181 eine
2135 4128 2520 4203 ungenannte
2554 4113 2973 4203 (ungarische)

446 4203 693 4269 Filrstin
742 4200 1044 4290 (religiose
1101 4217 1154 4268 et
1210 4205 1412 4269 devote
1466 4203 1691 4270 ancille
1741 4203 2035 4293 Christz)
2091 4227 2154 4267 er
2201 4203 2322 4268 lobt
2377 4203 2547 4268 ihren
2593 4202 2971 4290 Entschluss,

452 4290 593 4356 Gott
638 4293 701 4355 in
747 4291 854 4356 der
899 4291 1271 4357 Einsamkeit
1314 4315 1393 4377 zu
1440 4291 1669 4357 dienen.
1765 4288 1973 4374 (Paris
2025 4293 2192 4376 1264
2240 4290 2434 4380 suni.)

656 4464 768 4518 101.
808 4467 891 4531 28,
931 4466 1024 4520 Nr.
1056 4480 1134 4535 34.
1196 4467 1299 4519 Die
1338 4466 1556 4519 Familie
1594 4466 1687 4519 der
1711 4466 2021 4518 Adressatin
2061 4465 2263 4534 ergiebt
2303 4466 2415 4517 sich
2452 4463 2599 4516 wohl
2639 4464 2736 4515 mit
2765 4464 2973 4516 Sicher-

446 4552 553 4606 heit
602 4569 694 4605 aus
734 4552 1015 4623 folgenden*
1052 4555 1239 4608 Stelle:
1293 4555 1346 4607 Si
1385 4554 1596 4624 quidem
1636 4554 1815 4607 videre
1854 4555 2107 4623 potestiS,
2158 4555 2200 4606 si
2239 4562 2421 4605 sancte
2459 4553 2720 4604 memorie
2761 4552 2974 4605 beatum

445 4641 775 4710 Stephanum
824 4657 949 4694 vere
999 4659 1137 4695 nunc
1185 4643 1238 4694 in
1286 4651 1403 4695 toto
1451 4642 1863 4696 illustrissimum
1910 4642 2037 4694 orbe
2087 4651 2139 4694 et
2186 4649 2424 4693 sanctam
2462 4639 2695 4692 Elizabet
2742 4642 2795 4692 in
2848 4640 2974 4693 celis
