3505 5335
600 349 719 412 130
1757 341 1948 395 Briefe.
2139 330 2145 334 ’
2872 342 2916 410 J.
2963 342 3110 410 1289.

591 502 896 570 advocare
928 502 1215 582 voluerit,
1249 499 1327 567 de
1359 501 1640 588 parendo
1675 499 1995 582 mandato,
2036 500 2193 566 sicut
2224 499 2315 565 fas
2349 511 2462 580 est,
2511 500 2765 586 prestita
2797 500 3110 565 cautione.

592 590 1011 679 Cappellanos
1058 589 1210 656 tales
1257 587 1581 670 habebitiS,
1640 590 1800 655 sicut
1844 588 2148 675 permittit
2195 586 2614 675 privilegium,
2671 585 2959 653 videlicet
3007 587 3114 687 qui

589 680 714 745 sint
758 677 1006 767 providi
1056 695 1116 744 et
1164 676 1435 759 discreti,
1483 677 1600 764 ipsi
1647 676 1830 742 vobis
1876 677 1943 741 in
1991 677 2362 742 necessitate
2396 674 2780 741 exhibebunt
2826 674 3113 741 ecclesia-

589 768 740 834 stica
787 777 1195 846 sacramenta,
1244 765 1368 831 hoc
1401 784 1495 831 est
1541 765 1605 830 in
1637 762 2002 831 infirmitate
2048 765 2553 850 superveniente,
2598 764 2663 828 in
2695 761 2868 829 festis
2902 764 3112 842 etiam,

589 856 747 922 sicut
794 855 1078 942 superius
1127 872 1221 920 est
1268 865 1581 920 notatum.
1659 850 1871 933 Addo,
1920 850 2094 940 quod
2139 852 2307 918 vices
2354 852 2639 938 ipsorum
2687 849 2765 917 ad
2855 851 3113 916 remissa

588 942 877 1031 supplere
933 953 1233 1030 poterunt
1278 940 1375 1007 alii
1425 939 1787 1028 cappellani,
1846 951 1907 1006 et
1961 940 2088 1005 hoc
2144 962 2220 1006 ex
2280 940 2718 1025 permissione.
2810 874 3113 1026 {eligiosi

589 1054 744 1099 vero
777 1032 1135 1119 quicunque
1185 1041 1246 1096 et
1279 1030 1484 1096 clerici
1531 1051 1666 1095 non
1700 1027 1910 1095 dicent
1959 1028 2024 1093 in
2070 1026 2348 1094 ecclesiis
2379 1028 2602 1094 vestris
2634 1027 2876 1107 missas,
2926 1028 3114 1093 etiam

588 1120 642 1185 si
685 1117 992 1185 fateantur
1037 1141 1107 1184 se
1151 1116 1426 1204 gaudere
1513 1115 1823 1203 rivilegiO,
1885 1113 2059 1203 quod
2106 1115 2228 1182 hoc
2329 1115 2550 1181 ossint.
2642 1116 2810 1182 Nam
2858 1138 2973 1181 vos
3019 1137 3114 1181 re-

589 1209 856 1293 stringO,
904 1228 985 1273 ne
1026 1206 1157 1271 hoc
1190 1206 1404 1272 sinatis
1498 1205 1586 1271 eri
1634 1227 1752 1271 nec
1800 1205 1947 1290 ipsis
1980 1202 2136 1269 calix
2168 1226 2292 1356 lpre
2338 1215 2510 1270 eatur
2557 1226 2675 1269 nec
2714 1201 2928 1268 officio
2963 1225 3115 1269 con-

589 1318 742 1382 grua
797 1293 1186 1361 indumenta.
1281 1293 1594 1362 Conversi
1640 1293 1833 1358 vestri
1888 1310 1950 1358 et
2005 1293 2166 1357 semi
2223 1303 2407 1372 atres,
2466 1291 2571 1379 qui
2628 1309 2755 1357 tam
2813 1314 2879 1357 se
2926 1313 3115 1379 quam

590 1407 700 1450 sua
746 1382 976 1450 devote
1025 1394 1086 1449 et
1131 1381 1408 1448 totaliter
1454 1379 1662 1447 ordini
1703 1378 2086 1459 obtulerunt,
2133 1377 2377 1446 admitti
2424 1391 2723 1467 poterunt
2761 1377 2839 1445 ad
2886 1377 3113 1461 divina,

590 1494 731 1537 raro
777 1465 1014 1551 tamen,
1059 1471 1318 1557 proviso
1366 1468 1540 1556 quod
1590 1491 1734 1535 cum
1781 1469 1931 1555 ipsis
1978 1466 2079 1533 alii
2125 1466 2477 1534 nullatenus
2520 1466 2949 1548 admittantur,
2997 1490 3115 1534 nec

589 1560 706 1646 ipsi
737 1559 802 1624 in
834 1580 1215 1645 quocunque
1252 1557 1371 1624 alio
1405 1556 1550 1623 loco
1585 1557 2011 1644 cuiuscunque
2045 1555 2284 1621 ordinis
2316 1574 2524 1642 preter
2557 1578 2747 1643 quam
2793 1557 2856 1621 in
2888 1556 3113 1622 vestris

591 1648 882 1713 oratoriis
930 1645 1155 1713 divinis
1202 1657 1504 1732 poterunt
1550 1646 1877 1710 interesse.
1955 1645 2055 1710 De
2102 1644 2220 1709 hiis
2267 1655 2500 1724 autem,
2548 1644 2655 1730 qui
2702 1661 2849 1709 sunt
2892 1644 2960 1709 in
3008 1643 3118 1709 ob-

590 1736 822 1825 sequiis
854 1735 1076 1801 vestris
1124 1756 1240 1820 pro
1290 1731 1583 1800 mercede
1616 1755 1822 1799 annua
1871 1730 2191 1813 conducti,
2239 1733 2288 1797 si
2336 1754 2470 1797 non
2503 1730 2878 1798 audiverunt
2910 1730 3116 1797 divina

590 1821 731 1908 alibi
778 1823 1108 1909 presertim
1156 1823 1220 1887 in
1268 1823 1537 1901 civitate,
1585 1822 1728 1908 quia
1774 1832 1925 1886 tunc
1974 1831 2184 1886 essent
2218 1821 2771 1900 excommunicati,
2821 1817 3114 1885 ordinent

590 1911 886 1998 priorisse
920 1910 998 1976 de
1030 1932 1327 1976 sororum
1360 1907 1771 1975 discretarum
1804 1907 2094 1989 consili0,
2142 1909 2301 1974 sicut
2337 1906 2749 1974 iudicaverint
2787 1906 3115 1995 expedire;

592 2022 737 2066 cum
784 1997 1098 2065 voluerint
1147 1996 1370 2064 eedem
1418 1996 1735 2084 priorisse,
1795 1994 2043 2082 ingredi
2100 2008 2399 2082 poterunt
2448 1996 2798 2075 ecclesiam,
2861 1993 3115 2082 quando

591 2086 929 2167 noluerint,
978 2084 1403 2152 excludantur.
1490 2085 1633 2150 Hoc
1680 2083 2010 2170 intelligite
2057 2083 2135 2150 de
2181 2083 2297 2149 illis
2343 2081 2770 2165 servitoribuS,
2817 2084 2922 2170 qui
2970 2100 3116 2149 sunt

591 2177 654 2240 in
715 2175 881 2242 curia
944 2176 1114 2240 iuxta
1174 2173 1512 2240 claustrum
1535 2225 1551 2249 ‚
1617 2172 1879 2260 reliqui,
1947 2173 2053 2259 qui
2118 2171 2195 2238 de
2251 2172 2569 2258 grangiis3
2632 2172 2926 2251 veniunt,
2993 2171 3117 2237 sint

592 2262 844 2329 exclusi.
937 2262 1038 2328 De
1099 2259 1502 2328 confessione
1559 2259 1832 2347 quedam
1890 2258 2264 2348 perplexitas
2323 2271 2445 2340 est,
2508 2271 2604 2326 set
2664 2282 2800 2325 non
2862 2257 3118 2326 nocebit

592 2350 802 2431 vobis,
863 2351 914 2416 si
971 2372 1107 2415 non
1167 2347 1593 2430 confitemini,
1649 2347 1904 2435 quando
1959 2370 2071 2436 per
2126 2348 2293 2414 cives
2350 2347 2777 2434 prohibemini
2828 2345 3118 2413 confiteri

592 2438 730 2518 hiis,
778 2440 885 2525 qui
931 2457 1077 2504 sunt
1108 2438 1239 2504 veri
1272 2439 1464 2504 vestri
1511 2459 1586 2502 ex
1634 2435 1859 2502 ordine
1903 2434 2323 2502 confessores.
2404 2435 2572 2503 Alias
2621 2437 2792 2502 enim
2826 2433 3117 2501 confiteri

591 2525 833 2606 talibus,
889 2527 996 2613 qui
1051 2548 1186 2592 non
1242 2524 1474 2592 habent
1531 2542 1914 2611 potestatem
1961 2522 2330 2590 absolvendi
2375 2547 2514 2604 νος,
2573 2524 2758 2590 etiam
2807 2524 2859 2588 si
2907 2535 3118 2590 essent

594 2612 832 2681 ordinis
880 2615 1081 2680 nostri
1127 2613 1364 2695 fratre8‚
1426 2613 1547 2680 nisi
1592 2613 1803 2702 prius*
1846 2610 2110 2679 fuissent
2158 2610 2436 2679 claustris
2484 2634 2600 2699 pro
2649 2609 3117 2678 confessoribus

595 2701 871 2791 deputati
906 2701 1008 2769 vel
1054 2725 1089 2767 a
1134 2725 1239 2769 me
1284 2701 1613 2782 licenciati,
1661 2700 1817 2767 nihil
1848 2700 2029 2767 valet.
2110 2698 2298 2768 Unde
2346 2712 2408 2767 et
2438 2701 2709 2785 graviter
2756 2697 3116 2787 puniendos

596 2792 813 2857 censui
870 2788 1202 2877 quosdam,
1261 2791 1364 2878 qui
1413 2787 1491 2855 ad
1549 2789 1673 2854 hoc
1731 2788 1993 2855 claustra
2038 2800 2244 2855 vestra
2292 2788 2538 2855 occulte
2582 2788 2684 2853 vel
2732 2786 3116 2853 clandestine

593 2902 727 2944 non
775 2879 909 2944 sine
955 2879 1128 2964 gravi
1175 2876 1468 2943 scandalo
1518 2887 1581 2943 et
1625 2878 1886 2963 proprio
1934 2875 2212 2962 periculo
2251 2888 2397 2943 sunt
2445 2876 2729 2963 ingressi.
2806 2876 2944 2941 Nec
2989 2886 3117 2941 tur-

595 2966 819 3033 bentur
866 2988 1119 3032 sorores
1168 2989 1243 3031 ex
1290 2965 1436 3046 hoc,
1479 2963 1667 3052 ,quod
1711 2966 1779 3030 in
1825 2962 2329 3030 confessionibus
2386 2963 2615 3030 habere
2661 2986 2797 3029 non
2850 2982 3118 3049 possunt

593 3053 843 3120 solitam
898 3052 1268 3120 libertatem.
1359 3053 1530 3119 Nam
1586 3070 1791 3140 patres
1847 3053 2071 3133 nostri,
2131 3054 2290 3118 sicut
2346 3053 2655 3139 propheta
2713 3062 2993 3131 testatur,
3051 3052 3116 3115 in

594 3143 946 3228 captivitate
990 3143 1183 3228 positi
1214 3139 1534 3208 dicebant:
1581 3141 1737 3207 Non
1778 3153 1873 3207 est
1916 3141 1984 3206 in
2028 3151 2321 3226 tempore
2368 3140 2494 3206 hoc
2540 3141 2831 3226 princeps
2865 3157 2926 3205 et
2973 3161 3117 3224 pro-

591 3231 780 3317 pheta
843 3241 904 3296 et
952 3229 1076 3296 dux
1136 3252 1342 3318 neque
1402 3227 1797 3295 sacrificium.
1890 3229 2189 3315 Princeps
2245 3226 2566 3308 videlicet,
2623 3249 2751 3315 quo
2808 3238 3115 3306 tueamur,

593 3316 908 3400 sacerdOS,
966 3340 1094 3405 quo
1152 3316 1577 3405 purificemur,
1631 3316 1971 3403 propheta,
2028 3338 2155 3403 quo
2217 3314 2665 3395 informemur,
2724 3313 2868 3396 dux,
2925 3337 3115 3401 quem

593 3407 915 3472 imitemur
971 3429 1177 3493 neque
1224 3403 1596 3471 sacrificium
1643 3426 1816 3470 sacra
1870 3405 2267 3485 communiO,
2325 3426 2447 3492 que
2493 3404 2734 3469 animas
2790 3400 2988 3468 reficit
3034 3400 3119 3467 fa-

592 3505 970 3560 mescenteS.
1047 3493 1517 3560 Nichilominus
1564 3511 1780 3558 tamen
1827 3491 2221 3579 subiungitur
2266 3490 2645 3572 remedium,
2692 3489 2865 3578 quod
2910 3491 3116 3555 vicem

594 3581 879 3668 suppleat
925 3582 1217 3647 omnium
1265 3581 1742 3668 premissorum.
1824 3580 1894 3646 In
1943 3581 2171 3660 anima,
2218 3579 2441 3668 inquit,
2491 3580 2760 3645 contrita
2809 3589 2871 3645 et
2915 3578 3118 3643 humi-

593 3668 778 3736 litatis
810 3694 839 3734 s
886 3670 1029 3735 iritu
1072 3670 1482 3756 suscipiamur
1512 3691 1547 3733 a
1592 3679 1675 3749 te,
1723 3668 1884 3733 sicut
1929 3669 1993 3733 in
2027 3666 2373 3755 mil(l)ibus
2406 3689 2718 3754 agnorum
2765 3667 3117 3752 pinguium.

596 3756 770 3837 Quid
816 3693 901 3822 illi
949 3755 1145 3837 deest,
1193 3757 1297 3843 qui
1346 3779 1380 3821 a
1418 3755 1686 3821 domino
1735 3756 2087 3843 suscipitur,
2135 3756 2241 3842 qui
2288 3756 2545 3841 suscipit
2590 3777 2808 3820 servos
2854 3776 3004 3819 suos
3053 3754 3118 3817 in

594 3844 868 3911 bonum!
949 3844 1014 3911 O
1062 3844 1304 3910 bonum
1339 3845 1550 3909 omnis
1598 3842 1750 3909 boni
1782 3841 2047 3924 bonum,
2094 3844 2232 3930 quis
2279 3844 2435 3909 mihi
2470 3841 2576 3909 det
2607 3843 3003 3929 acquiescere
3050 3842 3116 3906 in

592 3944 677 4014 te,
724 3943 793 3999 ut
825 3931 1153 3998 obliviscar
1183 3931 1517 4019 aliquando
1552 3931 1712 3998 mala
1758 3933 1927 3998 mea!
2008 3930 2395 3997 Consolatur
2440 3953 2561 3996 nos
2592 3929 2909 4017 gloriosus
2944 3940 3118 4016 pater

595 4021 985 4107 Augustinus
1033 4022 1097 4085 in
1142 4018 1301 4086 libro
1351 4019 1428 4086 de
1474 4043 1622 4086 vera
1665 4018 1975 4105 religione
2023 4018 2266 4086 dicens:
2316 4019 2479 4106 Sepe
2525 4020 2675 4084 sinit
2721 4015 2929 4084 divina
2975 4039 3118 4103 pro-

594 4108 871 4175 videntia
915 4131 1026 4194 per
1073 4109 1343 4173 nimium
1399 4106 1787 4174 turbulentas
1835 4106 2175 4173 carnalium
2238 4108 2578 4173 hominum
2624 4104 2970 4172 seditiones
3019 4127 3120 4170 ex-

593 4195 737 4283 pelli
785 4195 863 4263 de
914 4195 1246 4262 christiana
1293 4197 1792 4283 congregatione
1842 4196 2031 4261 etiam
2090 4194 2298 4261 bonos
2345 4196 2537 4261 viros
2631 4194 2848 4275 Quam
2897 4211 3120 4259 contu·

595 4283 849 4350 meliam
900 4296 962 4350 et
1007 4285 1297 4350 iniuriam
1338 4306 1484 4350 cum
1529 4283 1994 4370 pacientissime
2042 4306 2158 4370 pro
2192 4282 2455 4349 ecclesie
2500 4304 2653 4369 pace
2699 4280 2954 4348 tulerint
3000 4303 3119 4346 nec

595 4372 747 4438 ullas
780 4374 1094 4439 novitates
1141 4372 1378 4439 heresis
1409 4371 1510 4438 vel
1555 4371 1863 4438 scismatis
1904 4370 2109 4437 moliti
2154 4369 2405 4452 fuerint,
2454 4368 2773 4437 docebunt
2805 4368 3119 4449 homineS,

594 4483 784 4548 quam
830 4483 984 4526 vero
1033 4459 1259 4527 affectu
1310 4471 1371 4526 et
1417 4461 1774 4526 sinceritate
1823 4461 2089 4526 caritatis
2121 4459 2266 4526 Deo
2316 4456 2651 4525 serviendo
2699 4458 2798 4538 sit,
2846 4457 2965 4522 hos
3014 4478 3121 4521 co-

595 4568 779 4615 ronat
825 4550 889 4614 in
926 4547 1177 4615 occulto
1211 4560 1385 4635 pater
1430 4549 1495 4613 in
1529 4546 1782 4614 occulto
1815 4545 2088 4614 videns*
2142 4548 2242 4613 De
2274 4546 2606 4635 sepulturis
2638 4556 2888 4612 constet
2919 4543 3120 4623 vobiS,

595 4635 771 4724 quod
818 4660 951 4702 non
999 4637 1263 4723 potestis
1297 4636 1568 4723 aliquem
1616 4634 1881 4722 sepelire
1927 4636 2045 4701 nisi
2094 4658 2385 4701 sororem
2434 4636 2499 4700 in
2530 4633 2813 4715 silenciO,
2862 4644 2957 4699 set
3002 4654 3121 4697 nec
