3505 5335
544 335 629 418 84
1722 349 1911 403 Briefe.
2702 354 2746 423 J.
2793 369 3081 423 1272—-77,

1764 523 1864 592 53.

752 648 1110 734 Provinzial
1152 648 1363 713 Ulrich
1408 648 1663 713 schreibt
1709 669 1791 713 an
1823 648 2113 715 Albertus
2143 650 2259 716 Ma
2305 673 2418 715 nus
2465 649 2611 716 iiber
2642 650 2756 716 den
2801 673 2919 716 von
2958 650 3077 715 ihm

542 735 928 823 mitgeteilten
960 736 1120 801 Plan
1152 735 1260 801 der
1293 735 1641 823 Griindung
1672 738 1828 801 eines
1861 736 2128 802 Klosters
2161 739 2223 802 in
2328 740 2481 826 euss.
2562 736 2761 826 (1272
2791 777 2838 785 -
2861 742 3079 827 1277.)

752 839 1112 907 Venerabili
1143 841 1207 904 in
1243 840 1502 907 Christo
1549 841 1707 926 patri
1744 864 1817 906 ac
1859 839 2128 907 domino
2161 841 2495 930 A(lberto)
2531 842 2836 929 episcopo
2921 865 3081 909 uon-

541 926 689 994 dam
708 928 1156 1014 Ratisponensi
1179 926 1367 994 frater
1386 927 1706 1017 Ul(ricus)
1730 951 1877 995 cum
1902 928 2537 997 recommendatione
2564 929 2795 997 devota
2821 866 3079 997 affectus

540 1014 1003 1103 plenitudinem
1055 1016 1347 1101 purioriS.
1438 1016 1512 1081 In
1571 1015 1975 1083 inarcessibili
2020 1015 2392 1084 devocionis
2438 1035 2645 1084 vestre
2701 1018 3078 1104 patrociniO,

540 1103 654 1169 sub
696 1126 825 1191 quo
860 1102 1023 1169 ordo
1070 1115 1289 1170 noster
1322 1125 1573 1189 semper
1603 1102 1683 1170 ad
1723 1103 2021 1170 ulteriora
2051 1116 2386 1192 promotus
2434 1104 2656 1172 militat
2705 1117 2767 1172 et
2797 1105 3078 1192 respirat,

540 1192 917 1277 gratiarum,
985 1213 1136 1279 quas
1183 1213 1482 1278 possum,
1553 1189 1761 1258 refero
1822 1193 2136 1274 actioneS,
2207 1191 2399 1278 digne
2455 1193 2849 1280 recogitanS,
2908 1191 3081 1280 quod

538 1279 784 1346 tociens
849 1277 928 1345 ad
991 1277 1400 1365 prestandum
1471 1278 1777 1346 beneficia
1846 1278 2058 1346 fervor
2121 1299 2329 1348 vestre
2399 1281 2632 1347 mentis
2696 1279 3076 1361 accenditur,

526 1406 533 1409 >
584 1367 846 1433 uociens
914 1364 1346 1433 benefaciendi
1411 1367 1664 1433 occasio
1728 1365 1845 1433 sibi
1906 1365 2103 1434 datur.
2212 1368 2376 1434 Sane
2445 1391 2632 1455 super
2691 1367 3076 1435 exhibitione

584 1455 785 1519 omini
847 1455 1202 1520 Hermanni
1261 1454 1415 1522 civis
1473 1455 1841 1536 NusiensiS,
1907 1478 2095 1542 quam
2156 1473 2363 1521 vestre
2423 1456 2811 1543 paternitatis
2874 1454 3077 1522 littere

540 1541 972 1624 continebant,
1005 1539 1357 1607 admodum
1390 1540 1763 1608 exhilaratus
1795 1554 2042 1628 reput0,
2084 1540 2257 1630 quod
2289 1554 2532 1609 tantum
2561 1542 2806 1609 donum
2839 1565 2874 1608 a
2903 1554 3078 1629 patre

536 1628 850 1695 luminum
908 1627 1334 1711 descenderit,
1398 1652 1527 1717 quo
1576 1647 1638 1696 et
1685 1628 1892 1695 ordini
1954 1629 2375 1696 commodum
2420 1632 2758 1717 provenire
2806 1648 2868 1697 et
2914 1629 3076 1696 salus

537 1718 861 1803 procurari
889 1718 1125 1804 poterit
1171 1717 1523 1783 animarum
1557 1729 1621 1784 et
1666 1716 1793 1784 hoc
1824 1718 1961 1783 sine
2009 1715 2242 1784 domus
2274 1716 2681 1785 Coloniensis
2728 1716 3075 1806 preiudicio

537 1805 843 1890 graviori,
902 1803 1075 1892 quod
1121 1805 1187 1870 in
1235 1805 1352 1871 hac
1398 1823 1573 1891 parte
1619 1803 1818 1871 fuerat
1865 1803 2302 1872 metuendum.
2398 1806 2716 1872 Commisi
2775 1807 2964 1893 igitur
3011 1808 3074 1871 in

536 1890 904 1958 huiusmodi
934 1892 1201 1978 negotio
1232 1893 1427 1979 priori
1460 1890 1835 1959 Coloniensi
1869 1891 2144 1978 plenarie
2175 1894 2344 1959 vices
2376 1917 2573 1975 meaS,
2610 1893 2855 1975 volenS,
2902 1892 3076 1994 quod

538 1977 807 2046 domum
853 1981 917 2045 in
949 1980 1148 2046 Nusia
1178 1980 1455 2066 recipiat,
1502 1978 1720 2046 fratres
1755 1978 1834 2046 de
1868 1981 2175 2067 expressis
2208 1980 2626 2048 conventibus
2673 1980 2817 2046 illuc
2849 1992 3073 2061 mittat,

536 2079 853 2134 rectorem
887 2066 1129 2134 eisdem
1174 2065 1506 2154 ydoneum
1552 2067 1835 2154 preficiat
1881 2079 1944 2134 et
1988 2069 2051 2134 in
2100 2067 2219 2134 hiis
2252 2068 2550 2135 omnibus
2596 2092 2632 2134 a
2679 2067 3075 2135 discretionis

537 2167 744 2222 vestre
778 2153 1045 2222 consilio
1095 2167 1158 2222 et
1203 2157 1454 2221 tramite
1486 2178 1621 2222 non
1667 2154 1939 2222 recedat.
2012 2155 2317 2222 Ceterum
2350 2157 2635 2245 quamvis
2682 2155 2878 2222 multa
2909 2155 3075 2222 bona

532 2241 866 2310 liberaliter
925 2241 1209 2309 conferat
1254 2243 1406 2310 civis
1467 2242 1602 2325 ille,
1668 2244 1980 2310 maiorem
2040 2255 2257 2310 tamen
2314 2245 2710 2325 thesaurum,
2775 2242 3074 2309 solidiora

536 2329 965 2411 fundamenta,
1015 2329 1386 2416 columpnas
1431 2330 1822 2397 robustiores
1868 2348 2096 2417 reputo
2128 2333 2318 2398 vestri
2359 2330 2589 2399 favoris
2636 2333 2924 2418 gratiam,
2973 2332 3072 2396 cui

537 2419 588 2483 si
633 2419 922 2484 innixum
968 2416 1152 2485 fuerit
1199 2416 1488 2484 ordiendi
1536 2420 1744 2505 operis
1780 2417 2118 2500 edificium,
2166 2420 2422 2507 veniant
2458 2419 2741 2500 flumina,
2791 2417 3073 2485 conflent

536 2507 729 2587 venti,
768 2506 936 2571 sicut
981 2529 1171 2572 mons
1204 2506 1380 2593 Syon
1428 2527 1561 2572 non
1595 2505 2126 2587 commovebitur,
2173 2504 2347 2594 quod
2379 2508 2445 2572 in
2491 2518 2666 2593 petra
2711 2518 2883 2573 tante
2928 2528 3073 2592 pro-

536 2592 814 2660 videntie
845 2591 1164 2659 solidatur.
1234 2593 1381 2674 Qua
1413 2612 1692 2682 propter,
1725 2594 1871 2661 licet
1904 2592 1982 2659 de
2013 2592 2421 2676 habundanti,
2454 2595 2790 2661 memorati
2825 2594 3069 2681 negotii

536 2704 946 2769 progressum
980 2693 1041 2748 et
1087 2682 1337 2747 initium
1369 2694 1575 2749 vestre
1621 2684 1975 2750 reverentie
2007 2681 2326 2749 humiliter
2357 2681 2822 2750 recommendo
2855 2683 3067 2748 Deum

538 2768 852 2836 excelsum
904 2768 1194 2835 obnixius
1241 2770 1577 2852 invocanS,
1625 2783 1932 2859 quatenus
1979 2768 2056 2837 ad
2112 2771 2208 2836 sui
2265 2772 2547 2837 nominis
2592 2770 2862 2858 gloriam
2903 2779 3070 2836 ‘cunt

535 2868 882 2943 augmento
941 2857 1341 2922 carismatum
1404 2859 1728 2944 potiorum
1779 2857 1874 2947 (?)
1938 2856 2071 2924 dies
2116 2857 2296 2925 vobis
2355 2858 2622 2926 addiciat
2669 2880 2858 2944 super
2916 2856 3068 2923 dies,

536 2943 803 3030 Semper
851 2943 1014 3010 bene
1060 2945 1260 3011 valeat
1305 2946 1641 3031 paternitas
1686 2964 1913 3013 vestra.

748 3127 767 3156 1
803 3119 978 3172 Plural
1016 3120 1118 3173 HS.

745 3276 857 3330 Fol.
888 3293 986 3346 132
1004 3289 1057 3331 v.
1118 3277 1281 3330 Trotz
1320 3277 1412 3330 der
1438 3279 1862 3349 Untersti'itzung
1885 3278 2097 3331 Alberts
2136 3280 2202 3331 ist
2241 3295 2297 3330 es
2325 3298 2386 3332 zu
2427 3279 2571 3331 einer
2598 3277 2896 3346 Gr't’mdung
2922 3276 3068 3329 nicht

533 3364 875 3432 gekommen,

1748 3520 1850 3590 54.

746 3645 1101 3730 Provinzial
1142 3645 1353 3710 Ulrich
1399 3643 1751 3731 beauftragt
1797 3644 1909 3710 den
1941 3645 2121 3711 Prior
2164 3668 2282 3711 von
2316 3644 2497 3725 Kbln,
2546 3644 2658 3709 das
2691 3644 2915 3729 thige
2953 3645 3067 3726 fier

533 3731 626 3795 die
678 3731 1024 3817 Grandung
1070 3732 1169 3797 des
1217 3732 1487 3819 Neusser
1532 3732 1871 3797 Konventes
1914 3756 1992 3818 zu
2036 3733 2471 3799 veranstalten.
2546 3729 3062 3820 (1272—1277.)

742 3835 1091 3901 Karissimo
1139 3837 1204 3901 in
1251 3836 1511 3902 Christo
1563 3888 1577 3902 .
1628 3889 1641 3902 .
1691 3838 1886 3924 priori
1934 3836 2311 3904 Coloniensi
2355 3835 2542 3903 frater
2588 3835 2858 3901 UlricuS.
2948 3835 3066 3900 Ex-

532 3921 909 3989 hibitionem
958 3921 1204 3989 domini
1234 3925 1590 3990 Hermanni
1639 3925 1790 3991 civis
1820 3925 2174 4007 Nusiensis,
2223 3948 2412 4013 quam
2444 3925 2665 3991 vestris
2711 3921 3064 3989 declarastis

531 4009 785 4091 litteriS,
844 4009 1260 4078 favorabiliter
1317 4034 1670 4099 prosequor
1728 4023 1790 4078 et
1845 4011 2211 4099 amplector.
2263 4065 2276 4078 .
2330 4065 2342 4078 .
2394 4064 2408 4078 .
2469 4010 2686 4100 (Folgt
2743 4009 3064 4077 inhaltlich

532 4096 812 4164 dasselbe
861 4100 985 4165 wie
1032 4100 1119 4164 im
1168 4122 1304 4166 vor.
1354 4098 1576 4165 Briefe.
1706 4102 2100 4167 Auctoritate
2156 4102 2364 4188 itaque
2410 4100 2798 4185 presentium
2846 4097 3063 4163 fratres

531 4185 772 4274 aliquos
801 4184 1097 4286 ydoneos
1130 4188 1388 4254 mittatis
1434 4189 1499 4252 in
1599 4188 1832 4253 ussiam
1865 4186 1942 4253 ad
1974 4186 2364 4254 manendum
2395 4185 2629 4252 ibidem
2664 4184 2742 4252 de
2774 4184 3063 4266 Treueri,

532 4271 610 4339 de
666 4273 966 4339 Traiecto
1031 4273 1321 4342 videlicet
1385 4276 1720 4361 superiori,
1788 4273 1865 4340 de
1921 4274 2220 4342 Traiecto
2285 4297 2413 4362 quo
2461 4297 2540 4339 ue
2605 4272 2916 4350 inferiori,
2985 4270 3063 4337 de

533 4361 837 4442 Colonia,
899 4359 977 4427 de
1025 4362 1463 4443 Confluentia,
1521 4361 1599 4428 de
1656 4361 1916 4445 SosatO,
1976 4365 2081 4450 qui
2137 4361 2318 4430 vobis
2375 4385 2408 4427 a
2508 4362 2624 4427 hec
2681 4358 3064 4427 tenebuntur

532 4447 787 4515 obedire
836 4460 897 4515 et
945 4448 1184 4515 eisdem
1232 4450 1501 4538 aliquem
1548 4452 1913 4536 preponite,
1973 4473 2304 4538 quousque
2360 4450 2636 4537 priorem
2700 4458 3060 4533 presentem

530 4536 799 4603 habeant
847 4535 924 4602 de
981 4537 1252 4624 capitulo
1301 4536 1416 4603 sibi
1472 4535 1771 4603 dandum.
1863 4538 2129 4604 Proviso
2176 4535 2348 4625 quod
2407 4559 2636 4602 omnes
2684 4552 2745 4601 et
2810 4532 3059 4620 singuli,

531 4648 690 4716 quos
725 4623 847 4690 illic
873 4626 1432 4712 congregaveritis,
1467 4626 1628 4690 cauti
1661 4625 1786 4691 sint
1808 4623 1969 4691 adeo
1997 4648 2068 4691 ac
2092 4625 2340 4705 maturi,
2373 4622 2548 4712 quod
2580 4621 2974 4711 presentibus
3000 4633 3061 4687 et
