3505 5335
566 348 647 412 92
1741 345 1929 400 Briefe.
2863 348 2908 417 J.
2954 362 3100 417 1274.

567 504 805 569 exuviis
853 504 1209 569 nescientes
1254 502 1541 590 amplius,
1589 503 1740 591 quid
1786 505 1865 570 sit
1896 505 2123 585 viscuS,
2172 528 2391 585 nexuS,
2440 503 2647 571 clavus
2694 517 2800 572 aut
2845 505 3100 594 laqueus

563 610 987 657 terrenorum.
1080 591 1284 658 Porro
1334 593 1457 657 iam
1505 591 1816 679 paulisper
1862 590 1939 658 de
1987 591 2104 657 illis
2150 591 2325 679 loqui
2371 591 2627 674 libebat,
2686 616 2834 659 cum
2879 592 3101 681 quibus

566 677 843 765 colloqui
889 700 1023 744 non
1073 678 1314 745 licebat.
1409 679 1518 746 Set
1566 702 1816 746 exnunc
1873 678 1951 745 ad
2004 678 2426 767 perorandam
2484 703 2735 746 causam
2780 683 3101 768 propriam

564 764 698 831 lora
742 765 1127 832 reflectimus
1174 768 1240 832 in
1287 779 1494 834 vestre
1541 766 1814 833 concilio
1860 768 2220 835 sanctitatis.
2316 768 2626 853 Cupimus
2660 769 2832 833 enim
2879 770 3115 843 vestris¹

565 852 889 919 affectibus
936 854 1126 920 inseri
1162 853 1256 943 (?)
1293 866 1355 921 et
1401 853 1478 920 ad
1512 855 1635 921 hoc
1681 856 2134 931 succrescentis
2179 855 2307 921 vite
2353 853 2591 921 radices
2640 854 2978 922 extendere
3025 854 3100 922 ad

564 952 912 1007 vestrarum
976 940 1274 1008 decursus
1334 965 1665 1043 aquarum,
1731 965 1884 1030 quas
1944 942 2200 1009 hauritis
2260 943 2326 1008 in
2385 941 2618 1028 gaudio
2683 942 2762 1010 de
2821 942 3099 1010 fontibus

565 1028 909 1109 salvatoriS,
958 1030 1180 1116 quibus
1227 1041 1419 1096 rorati
1467 1031 1715 1096 suavius
1759 1049 1822 1096 et
1867 1031 2048 1116 rigati
2082 1031 2402 1116 copiosius
2449 1031 2864 1117 germinantis
2908 1030 3099 1098 flores

567 1117 745 1182 etatis
792 1118 854 1182 in
902 1116 1136 1183 fructus
1182 1128 1504 1184 transeant
1549 1117 1919 1185 honestatis
1991 1117 2222 1183 Sumus
2270 1119 2458 1183 etiam
2506 1140 2623 1204 pro
2672 1117 3100 1205 patribus'filii

566 1205 696 1270 nati
740 1203 921 1270 vobis
968 1217 1097 1271 tam
1147 1229 1403 1271 morum
1451 1228 1639 1294 quam
1686 1228 1932 1284 rerum,
1978 1223 2106 1270 tarn
2156 1229 2377 1272 sensus
2424 1229 2613 1293 quam
2662 1229 2922 1288 censuS,
2968 1217 3095 1272 tam

565 1293 887 1357 actionum
938 1315 1125 1380 quam
1174 1294 1646 1380 possessionem
1697 1292 1961 1379 legitimi
2018 1316 2437 1359 successores,
2531 1292 2720 1359 Unde
2779 1316 2929 1380 erga
2981 1317 3099 1361 vos

565 1378 881 1446 habundat
929 1381 993 1445 in
1040 1380 1223 1446 nobis
1271 1404 1452 1446 amor
1498 1381 1762 1468 patriuS,
1809 1380 1977 1447 zelus
2023 1392 2350 1467 paternuS,
2398 1379 2556 1446 fides
2604 1383 3096 1468 consanguinea,

565 1465 741 1532 favor
787 1490 1158 1553 germanuS‚
1221 1468 1544 1555 originalis
1591 1466 1896 1547 devoci0,
1946 1469 2305 1534 reverencia
2350 1467 2569 1534 filialis.
2662 1469 2752 1535 Ita
2798 1488 2886 1549 ut,
2950 1493 3094 1535 cum

565 1555 682 1620 hec
717 1554 899 1620 nobis
947 1556 1128 1622 insita
1171 1556 1328 1622 sicut
1376 1554 1710 1622 extraduce
1746 1554 1843 1644 (?)
1879 1557 2329 1642 cognoveritiS,
2376 1555 2585 1623 fronte
2631 1555 2819 1622 libera
2866 1579 2987 1623 nos
3035 1558 3097 1621 in

563 1643 786 1708 vestris
835 1643 1364 1729 oportunitatibus
1397 1645 1740 1732 requiratis,
1814 1644 2119 1710 Ceterum
2154 1667 2378 1710 serene
2425 1642 2892 1710 recordacionis
2925 1656 3098 1731 pater

564 1742 811 1805 noster,
881 1729 1031 1796 dum
1093 1730 1296 1797 adhuc
1356 1733 1624 1812 viveret,
1688 1730 1909 1797 crebro
1976 1733 2037 1796 in
2105 1733 2327 1798 vestris
2391 1731 2701 1819 capituliS,
2768 1733 3097 1819 presertim

563 1817 990 1902 generalibus,
1053 1817 1184 1884 dari
1240 1820 1354 1885 sibi
1400 1820 1578 1905 petiit
1635 1817 1905 1886 domum
1954 1842 2178 1900 unam,
2244 1831 2341 1885 set
2387 1831 2596 1885 morte
2642 1831 3098 1907 preoccupatus

565 1903 849 1986 infausta,
896 1905 1069 1993 quod
1114 1906 1557 1993 postulaverat,
1605 1929 1738 1973 non
1788 1908 2058 1994 accepit;
2111 1919 2330 1972 tamen
2378 1929 2494 1993 pro
2541 1906 2711 1973 bone
2759 1907 3098 1974 voluntatis

490 2046 493 2049 Α
564 1994 895 2080 proposito
928 1992 1334 2080 premiandus
1366 1994 1440 2060 ab
1475 2017 1575 2075 e0,
1608 1995 1714 2082 qui
1748 2017 1860 2060 cor
1891 1996 2178 2060 votivum
2203 1995 2482 2080 suscipit,
2515 1995 2703 2061 etiam
2736 1996 2788 2060 si
2819 1996 3100 2061 restricta

564 2102 677 2165 per
736 2082 1190 2166 impotenciam
1251 2105 1474 2148 manus
1532 2082 1609 2147 ad
1671 2104 1866 2168 opera
1921 2105 2054 2149 non
2112 2083 2439 2168 processit.
2529 2083 2672 2149 Nos
2732 2083 2922 2168 igitur
2980 2105 3096 2169 pro

527 2166 756 2253 'ipsius
819 2166 1108 2235 remedio
1172 2181 1234 2236 et
1293 2171 1547 2257 proprie
1605 2169 1817 2235 salutis
1873 2189 2221 2256 augmento
2281 2167 2344 2234 id
2401 2171 2607 2256 ipsum
2664 2169 2985 2237 humiliter
3040 2182 3102 2236 et

563 2266 801 2322 attente
854 2279 1041 2343 prece
1087 2258 1413 2343 poscimus
1469 2269 1791 2323 renovata.
1886 2257 2198 2337 Quamvis
2248 2257 2419 2322 enim
2482 2259 2547 2322 in
2604 2259 2905 2344 spaciosis
2964 2281 3100 2345 par-

563 2341 726 2409 tibus
784 2361 1007 2410 nostro
1054 2346 1349 2431 regimini
1407 2344 1625 2411 celitus
1682 2343 2147 2411 commendatis
2196 2346 2418 2410 messis
2476 2344 2771 2431 plurima,
2830 2346 3097 2432 operarii

561 2433 762 2516 pauci,
810 2453 982 2498 rarus
1015 2431 1296 2518 angelus,
1328 2431 1776 2519 languenciuni
1810 2431 2173 2513 multitudO,
2205 2455 2322 2498 vos
2356 2430 2433 2497 ad
2466 2431 2549 2515 id,
2599 2431 2773 2521 quod
2803 2434 3097 2519 petimus,

566 2515 835 2585 debeant
881 2517 1141 2586 faciliter
1187 2520 1518 2601 inclinare,
1577 2522 1681 2607 qui
1728 2518 2134 2606 perfectionis
2192 2518 2475 2606 discipuli
2535 2519 2773 2587 dixistis
2830 2522 2988 2607 patri
3037 2538 3097 2586 et

565 2607 776 2673 matri:
827 2609 1044 2673 nescio
1092 2631 1229 2690 vos,
1281 2607 1603 2676 Christum
1653 2630 1999 2696 pauperum
2050 2610 2113 2674 in
2160 2619 2523 2696 paupertate
2555 2607 2906 2675 voluntaria
2949 2631 3099 2675 con-

567 2706 898 2761 sectanteS.
1029 2696 1378 2763 Plurimum
1455 2708 1670 2763 tamen
1741 2719 2066 2783 speramus
2141 2698 2417 2783 negocio
2487 2695 2850 2777 valiturum,
2925 2696 3099 2784 quod

564 2781 950 2848 honorabilis
997 2785 1091 2850 vir
1136 2785 1309 2871 prior
1354 2796 1561 2850 vester
1608 2785 2027 2871 provincialis,
2077 2808 2221 2850 cum
2261 2785 2561 2850 comitiva
2609 2808 2717 2850 sua
2764 2786 3093 2850 transitum

562 2890 673 2954 per
720 2889 1006 2936 nostram
1053 2871 1401 2937 Marchiam
1448 2871 1702 2953 facienS,
1759 2870 2101 2959 prudenter
2147 2871 2412 2939 advertit
2458 2870 2749 2937 locorum
2795 2872 3096 2958 graciam,

561 2956 845 3023 villarum
869 2959 1083 3038 situm,
1118 2958 1496 3046 oppidorum
1526 2971 1779 3040 statum,
1814 2961 2133 3027 civitatum
2162 2958 2475 3040 ordinem,
2511 2958 2857 3025 ubertatem
2880 2960 3097 3046 patrie,

561 3044 779 3131 populi
825 3044 1276 3133 frequenciam,
1325 3046 1402 3114 de
1435 3046 1656 3135 quibus
1707 3066 1768 3113 et
1800 3047 1953 3128 aliis,
2002 3070 2124 3135 que
2167 3046 2574 3114 discrecionis
2622 3069 2733 3112 sue
2768 3069 3098 3113 commen-

564 3129 704 3198 data
761 3145 907 3199 sunt
972 3134 1249 3217 auribuS,
1316 3136 1741 3201 sinceritatem
1802 3147 2073 3203 vestram
2147 3133 2411 3201 reddere
2473 3136 2705 3221 poterit
2776 3136 3095 3202 certiores,

563 3219 828 3307 Semper
875 3221 1034 3288 bene
1084 3223 1304 3290 valete.
1400 3222 1901 3312 Her(mannus).

773 3449 884 3502 Fol.
929 3465 1042 3517 125.
1119 3451 1177 3502 In
1226 3450 1349 3503 dem
1387 3450 1565 3502 Buche
1615 3450 1708 3502 des
1756 3447 1966 3519 Johann
2006 3449 2218 3502 Samuel
2258 3449 2442 3511 Seckt‚
2496 3450 2739 3502 Versucli
2794 3450 2939 3501 einer
2988 3446 3095 3501 Ge-

561 3535 798 3589 schichte
846 3536 938 3588 der
976 3536 1487 3589 Uckermarkischen
1527 3536 1845 3606 Hauptstadt
1883 3536 2136 3589 Prenzlau
2186 3538 2374 3605 (1785)
2414 3538 2452 3603 I,
2499 3552 2561 3605 50
2598 3536 2755 3590 heisst
2795 3554 2880 3589 es:
2923 3537 3098 3588 »Zwei

563 3622 878 3676 Inschriften
917 3624 968 3675 in
1007 3623 1100 3676 der
1149 3619 1379 3693 Jetzigen
1417 3624 1835 3690 Nikolaikirche,
1884 3624 2092 3677 welche
2143 3624 2376 3677 vormals
2423 3625 2506 3677 die
2544 3624 2940 3678 Klosterkirche
2978 3624 3098 3693 (der

561 3710 970 3779 Dominikaner)
1008 3728 1265 3780 gewesen
1305 3712 1386 3776 ist,
1425 3711 1652 3764 macheu
1683 3730 1779 3765 uns
1820 3711 1913 3764 das
1941 3713 2067 3781 Jahr
2105 3712 2196 3765 der
2222 3712 2523 3766 Fundazion
2555 3712 2833 3766 derselben
2862 3712 2967 3765 und
2995 3712 3097 3765 den

562 3797 773 3850 Namen
799 3797 892 3849 der
912 3797 1091 3850 Stifter
1117 3797 1210 3851 des
1229 3798 1471 3852 Klosters
1498 3800 1742 3852 bekannt.
1784 3800 1885 3851 Die
1906 3799 2101 3853 Kirche
2128 3800 2235 3853 und
2262 3800 2577 3854 vermutlich
2603 3801 2738 3853 auch
2765 3800 2855 3853 das
2883 3800 3099 3853 Kloster

562 3884 781 3937 wurden
819 3886 892 3937 im
931 3885 1088 3955 Jahre
1132 3901 1261 3954 1275
1303 3887 1602 3957 gegrundet
1643 3931 1653 3941 .
1697 3931 1707 3941 .
1758 3887 1858 3941 Die
1899 3888 2079 3941 Stifter
2116 3905 2299 3941 waren
2337 3888 2612 3959 Markgraf
2642 3889 2853 3960 Johann
2891 3889 2953 3942 II.
2990 3906 3097 3941 von

562 3972 940 4042 Brandenburg
965 3973 1072 4025 und
1109 3975 1254 4026 seine
1282 3975 1567 4028 Gemahlin
1594 3976 1875 4045 Hedwig.«
1928 3976 2031 4029 Die
2057 3976 2247 4029 beiden
2275 3976 2591 4030 Inschriften
2617 3977 2819 4029 lauten:
2866 3993 2908 4030 1.
2937 3976 3097 4029 Anno

561 4061 763 4113 domini
807 4076 933 4129 1275
983 4077 1025 4130 3.
1067 4078 1234 4114 nonas
1274 4064 1395 4134 maij
1442 4063 1656 4116 fundata
1695 4073 1776 4116 est
1825 4064 2049 4117 ecclesia
2087 4066 2185 4117 ista
2232 4065 2285 4116 in
2324 4065 2589 4118 honorem
2639 4081 2679 4117 s,
2720 4066 2886 4117 crucis
2927 4106 2938 4118 .
2980 4107 2989 4117 .
3031 4108 3042 4117 .

561 4149 721 4202 Anno
759 4149 960 4202 domini
993 4166 1119 4219 1375
1154 4153 1300 4218 (statt
1333 4153 1492 4220 1275)
1531 4158 1579 4205 4.
1607 4167 1777 4204 nonas
1815 4152 1941 4222 junii
1979 4151 2165 4204 fratres
2192 4152 2558 4205 Predicatores
2596 4194 2607 4205 .
2638 4194 2649 4205 .
2678 4193 2690 4205 .
2722 4151 2900 4205 locum
2939 4153 3099 4204 istum

561 4246 874 4307 receperunt
923 4247 975 4290 et
1026 4239 1078 4290 in
1127 4239 1320 4291 eodem
1368 4238 1648 4292 ecclesiam
1702 4248 1754 4292 et
1806 4239 2092 4292 claustrum
2141 4238 2418 4292 aedificare
2469 4248 2775 4309 coeperunt.
2853 4254 2898 4293 2.
2937 4239 3098 4291 Anno

561 4324 761 4377 domini
805 4327 927 4379 1281
974 4340 1023 4391 4.
1062 4326 1177 4379 idus
1217 4327 1532 4397 septembris
1572 4329 1700 4381 obiit
1739 4327 1979 4380 marchio
2006 4327 2278 4396 Johannes
2317 4326 2561 4380 fundatur
2599 4328 2746 4380 istius
2785 4335 3097 4380 conventuS.

561 4412 663 4465 Die
711 4414 1067 4484 Einweihung
1114 4414 1207 4467 der
1254 4415 1450 4468 Kirche
1498 4415 1621 4469 fand
1671 4430 1798 4485 1343
1852 4416 1995 4467 Marz
2050 4430 2110 4467 12
2160 4424 2300 4469 statt.
2375 4414 2497 4485 Vgl.
2547 4415 2682 4468 auch
2733 4415 2777 4486 J.
2817 4415 2889 4469 M.
2938 4414 3003 4467 de
3051 4413 3098 4466 la

561 4500 753 4565 pierre,
794 4501 1166 4554 Ausfsihrliche
1206 4502 1529 4568 Geschichte
1568 4504 1661 4556 der
1698 4503 2037 4568 Uckermark,
2084 4505 2181 4574 389
2219 4502 2253 4556 f.
