3505 5335
375 392 420 460 J.
467 406 826 459 ¹275'ffi1277·
1552 389 1739 443 Briefe.
2832 397 2912 461 97

376 548 590 630 debet,
701 548 832 615 uod
878 547 1140 634 singulis
1205 549 1383 613 annis
1430 571 1546 635 pro
1595 550 1963 615 visitacione
2026 549 2423 636 provincialis
2489 550 2738 636 capituli
2802 574 2914 638 per

375 639 617 703 viarum
695 637 1012 703 iscrimina
1058 635 1383 723 fatigatum
1418 648 1674 724 oportet
1719 637 1786 701 in
1834 659 2120 703 mensam
2178 637 2445 702 alienam
2493 639 2804 724 respicere
2853 651 2914 706 et

373 725 472 812 pal
518 748 622 791 are
698 726 858 791 ostia
921 735 1303 790 exterorum.
1414 723 1886 795 Nichilominus
1949 742 2166 791 tamen
2227 747 2344 791 vos
2408 736 2513 791 aut
2572 724 2763 791 alium
2825 729 2913 793 sic

375 815 476 879 inc
502 812 693 879 udere
742 813 919 893 n010‚
968 811 1141 900 quod
1189 811 1443 878 modius
1492 810 1866 879 candelabro
1914 824 2334 898 supponatur,
2386 824 2481 879 set
2526 815 2759 900 potiuS,
2807 816 2913 902 qui

375 924 586 967 curam
635 902 985 988 suscepisse
1032 898 1335 966 videmini
1390 899 1757 986 generalem
1805 898 2066 966 fratrum
2123 900 2541 987 singulorum,
2601 903 2912 968 terminos

373 990 719 1070 transeatis,
768 1000 836 1055 ut
884 986 1110 1054 exinde
1155 988 1409 1074 possitis
1457 987 1719 1068 discere,
1768 986 1963 1075 qualis
2011 987 2090 1053 de
2135 989 2283 1074 ipsis
2330 987 2492 1053 fama
2540 989 2618 1055 sit
2666 1000 2727 1055 et
2774 990 2912 1076 quis

374 1076 628 1143 fructus.
700 1075 804 1143 Ad
849 1076 968 1142 hec
1011 1076 1324 1162 episcopis
1372 1087 1434 1142 et
1480 1075 1814 1161 magnatiS,
1862 1076 2023 1141 intra
2055 1098 2326 1163 quorum
2376 1074 2725 1142 districtum
2774 1099 2913 1163 pre-

375 1163 706 1231 dicationis
779 1175 988 1231 vestre
1050 1164 1306 1230 termini
1366 1165 1836 1251 porriguntur,-
1876 1186 1994 1229 vos
2054 1165 2256 1250 magis
2328 1161 2505 1229 deest
2573 1187 2613 1229 o
2662 1175 2911 1246 ortune,

372 1251 631 1319 fratrum
667 1253 1108 1319 necessitatem
1143 1273 1465 1338 exponere
1490 1251 1589 1318 vel
1621 1250 1867 1332 saltem,
1902 1249 2075 1339 quod
2106 1273 2294 1337 parva
2320 1249 2565 1318 excedit
2633 1275 2911 1319 onorum

376 1339 785 1427 compendia,
840 1341 1126 1426 ipsorum
1180 1340 1442 1426 gratiam
1506 1341 1673 1405 iuxta
1732 1337 1941 1405 datam
1987 1337 2169 1404 vobis
2217 1362 2251 1404 a
2296 1340 2441 1405 Deo
2502 1338 2910 1427 prudenciam

375 1427 580 1495 ordini
630 1450 1015 1515 comparare.

585 1602 695 1656 Fol.
742 1616 855 1655 121.

1602 1759 1681 1827 71.

585 1880 749 1968 (Der
794 1882 1345 1972 Provinzialprior)
1387 1882 1669 1969 gewc‘ihrt
1715 1882 1848 1947 dem
1888 1882 2067 1949 Prior
2110 1906 2228 1948 von
2261 1881 2505 1951 Rostock
2550 1883 2661 1947 das
2708 1882 2910 1962 Recht,

371 1994 547 2035 wenn
594 1971 776 2036 Filrst
822 1970 1126 2072 Nilcolaus
1173 1966 1318 2057 (von
1361 1971 1449 2035 W
1444 1968 1595 2146 erg?
1639 1973 1798 2036 scine
1843 1970 2238 2075 fisofhaltung
2281 1971 2533 2057 verlegt,
2581 1970 2713 2034 dem
2746 1970 2912 2042 Hofe

371 2081 448 2143 zu
479 2058 700 2146 folgen
731 2059 859 2123 und
887 2059 983 2123 dte
1012 2058 1253 2124 Bezchte
1284 2059 1390 2123 der
1420 2059 1523 2123 Ho
1571 2081 1707 2145 lnge
1737 2082 1816 2144 zu
1848 2058 2049 2123 boren.
2116 2056 2271 2145 (Um
2309 2078 2429 2142 127
2436 2079 2497 2140 5,
2543 2080 2654 2124 vor
2690 2057 2909 2147 1277.)

583 2181 784 2246 Priori
830 2181 1246 2247 Rozstocensi
1293 2180 1713 2267 provincialis.
1811 2181 1916 2261 Ut,
1964 2179 2138 2267 quod
2186 2182 2249 2245 in
2297 2178 2481 2245 nobis
2532 2198 2645 2260 est,
2698 2179 2909 2246 salutis

372 2291 506 2334 non
556 2266 716 2334 desit
759 2270 1009 2334 occasio
1058 2267 1404 2349 animabus,
1453 2279 1678 2335 tenore
1709 2269 2099 2355 presentium
2132 2268 2314 2334 vobis
2354 2269 2715 2350 committO,
2764 2291 2910 2356 qua-

372 2368 592 2435 tenuS,
657 2357 708 2420 si
756 2357 923 2421 curia
986 2354 1233 2421 domini
1276 2356 1548 2444 Nicolay
1606 2376 1666 2422 et
1726 2355 2003 2421 filiorum
2065 2357 2197 2422 eius
2246 2379 2311 2421 se
2370 2367 2542 2422 extra
2597 2356 2909 2421 terminos

372 2454 620 2508 vestros
681 2440 760 2508 ad
815 2442 955 2508 loca
1000 2443 1384 2509 transtulerit
1436 2443 1584 2525 alia,
1645 2443 1788 2510 illuc
1844 2443 1923 2510 ad
1981 2445 2152 2530 ipsos
2200 2444 2454 2531 possitis
2501 2442 2800 2510 accedere
2849 2456 2911 2510 et

374 2528 812 2596 confessiones
859 2530 1071 2597 audire
1105 2529 1428 2597 curialium
1475 2555 1731 2598 necnon
1779 2530 1857 2597 ad
1903 2530 2070 2598 istud
2109 2532 2454 2618 negocium
2504 2530 2722 2597 fratres
2755 2530 2909 2597 alios

371 2618 565 2706 ipsius
600 2619 769 2684 curie
812 2617 1212 2686 confessores
1244 2620 1516 2702 mittere,
1565 2643 1711 2687 cum
1742 2618 1982 2687 fueritis
2025 2621 2379 2708 requisituS,
2428 2618 2908 2686 donec'duxero

373 2706 860 2793 prohibendum.
953 2707 1177 2774 Valete
1228 2719 1289 2774 et
1336 2720 1562 2775 cetera.

582 2882 693 2935 Fol.
726 2897 824 2947 124
839 2895 885 2936 v.
947 2883 1031 2936 Da
1071 2884 1162 2937 das
1202 2884 1491 2936 Schreiben
1531 2884 1822 2954 unbedingt
1861 2899 1955 2937 vor
1986 2883 2119 2937 1286
2146 2882 2274 2948 sant,
2314 2900 2376 2936 so
2413 2884 2551 2936 kann
2588 2900 2785 2953 wegen
2814 2884 2908 2935 Er·

371 2970 645 3040 wahnung
682 2970 774 3023 der
811 2970 901 3023 filii
947 2990 1045 3024 nur
1082 2971 1233 3024 Ffirst
1271 2971 1527 3024 Nikolaus
1566 2972 1605 3026 I.
1646 2990 1754 3025 von
1791 2971 2242 3025 Rostock—Werle
2286 2984 2631 3041 1229—1277
2670 2971 2908 3040 gemeint

370 3059 498 3111 sein.
572 3058 808 3112 Rostock
846 3059 1030 3112 wurde
1068 3058 1305 3128 gestiftet
1349 3058 1511 3127 12563
1551 3059 1657 3129 vgl.
1697 3059 2094 3129 Mecklenburg.
2133 3059 2309 3129 Jahrb.
2351 3073 2432 3123 21,
2475 3073 2556 3112 20.

1595 3215 1693 3282 72.

581 3339 937 3424 Provinzial
979 3338 1189 3403 Ulrich
1237 3337 1591 3425 beauftragt
1642 3339 1812 3402 einen
1846 3338 2023 3402 Prior
2069 3340 2178 3401 mit
2224 3338 2330 3403 der
2368 3337 2715 3424 Griindung
2752 3339 2908 3402 eines

371 3427 707 3491 Konventes
755 3428 816 3491 in
866 3424 1219 3512 Nilrnberg.
1315 3423 1471 3512 (Um
1523 3424 1744 3514 1275.)

578 3532 929 3597 Karissimo
995 3532 1059 3596 in
1124 3531 1382 3597 Christo
1449 3531 1644 3615 priori
1704 3530 1789 3595 N.
1852 3529 2040 3596 frater
2102 3528 2367 3595 UlricuS.
2480 3530 2679 3611 Quia,
2746 3530 2906 3595 sicut

371 3620 601 3699 nostis,
649 3618 1015 3704 providere,
1064 3617 1324 3706 qualiter
1373 3616 1603 3683 domus
1651 3619 1985 3704 recipiatur
2039 3619 2104 3683 in
2149 3617 2622 3698 Nuremberch,
2670 3617 2826 3682 mihi
2874 3641 2908 3683 a

369 3706 732 3792 provinciali
784 3706 1056 3794 capitulo
1105 3718 1200 3773 est
1247 3717 1596 3788 servatum,
1654 3707 1782 3771 iam
1828 3705 2048 3773 adesse
2094 3717 2345 3792 tempus
2392 3704 2673 3771 iudicans
2718 3727 2908 3792 opor-

368 3805 627 3874 tunum,
687 3817 815 3882 quo
864 3793 941 3860 ad
1001 3794 1063 3859 id
1111 3795 1356 3881 possint
1418 3793 1608 3860 corda
1666 3793 2004 3859 hominum
2065 3792 2301 3859 facilius
2357 3791 2670 3874 inclinari,
2726 3792 2908 3860 vobis

368 3882 633 3966 iniungo
666 3903 782 3967 pro
817 3895 1163 3968 augmento
1196 3894 1555 3948 vestrorum
1589 3883 1987 3962 meritorum,
2036 3883 2325 3969 quatinus
2358 3893 2684 3967 assumpto
2720 3880 2908 3947 fratre

367 3969 451 4032 N.
502 3968 731 4033 domus
779 3970 884 4049 Ν.,
946 3993 1135 4057 quem
1184 3971 1261 4035 ad
1306 3969 1370 4035 id
1416 3971 1789 4036 auctoritate
1834 3970 2223 4055 presentium
2275 3970 2583 4049 evocetiS,
2644 3967 2722 4034 ad
2768 3992 2907 4056 pre-

369 4054 608 4120 dictum
669 4055 882 4121 locum
948 4058 1084 4122 sine
1140 4080 1321 4123 more
1386 4056 1719 4144 dispendio
1768 4055 2182 4144 personaliter
2238 4055 2547 4122 accedatis
2613 4068 2675 4123 et
2737 4057 2907 4122 iuxta

369 4142 575 4208 datam
608 4141 790 4207 vobis
837 4166 870 4208 a
901 4144 1047 4209 Deo
1080 4146 1344 4229 gratiam
1391 4144 1749 4232 inpendetis
1794 4167 2053 4232 operam
2097 4142 2442 4224 efficacem,
2489 4155 2560 4209 ut
2600 4146 2906 4231 consequi

366 4232 685 4317 possimus
734 4254 942 4297 aream
991 4232 1307 4299 honestati
1357 4244 1418 4298 et
1463 4233 1711 4299 utilitati
1760 4231 2000 4298 ordinis
2049 4242 2536 4319 congruentem.
2629 4231 2705 4297 Et
2762 4233 2905 4318 quia

365 4341 482 4405 pro
547 4318 913 4385 huiusmodi
978 4321 1253 4407 negocio
1327 4332 1533 4408 partes
1588 4344 1705 4387 vos
1767 4320 2087 4408 oportebit
2156 4320 2418 4386 forsitan
2480 4317 2778 4385 secedere
2838 4321 2903 4384 in

366 4406 676 4488 adversas,
709 4409 791 4473 ita
816 4419 885 4474 ut
909 4407 1245 4496 aliquando
1269 4431 1485 4474 coram
1510 4431 1681 4495 rege,
1714 4407 2097 4496 quandoque
2120 4430 2336 4474 coram
2359 4408 2684 4494 episcop0,
2715 4407 2906 4473 inter-

367 4494 515 4560 dum
552 4518 766 4561 coram
809 4496 939 4562 aliis
969 4519 1087 4562 vos
1122 4508 1414 4583 oporteat
1446 4518 1837 4583 comparere,
1886 4519 1987 4577 ne,
2038 4520 2181 4562 cum
2216 4496 2391 4583 quasi
2424 4494 2595 4560 solus
2627 4492 2904 4582 pluribus

365 4582 710 4663 intenditiS‚
759 4583 834 4649 ad
868 4584 1112 4669 singula
1158 4586 1371 4649 minor
1416 4585 1570 4665 sitis,
1619 4583 1859 4650 dilectis
1905 4586 1971 4649 in
2006 4584 2264 4650 Christo
2311 4581 2597 4649 fratribus
2632 4635 2646 4647 .
2683 4635 2696 4648 .
2732 4594 2843 4649 et.
2887 4636 2903 4648 .

366 4682 801 4737 conventuum
846 4670 1065 4738 talium
1112 4671 1257 4737 dedi
1303 4671 1588 4738 similiter
1642 4673 1707 4737 in
1756 4672 2147 4753 commissis,
2196 4683 2501 4760 quatenus
2547 4672 2612 4736 in
2667 4669 2903 4756 prefate

473 4792 509 4834 F
523 4792 537 4834 i
549 4804 579 4835 n
594 4794 626 4834 k
640 4804 667 4837 e
678 4825 689 4843 ‚
728 4793 1249 4839 Dominikanerbrlere.
