3505 5335
449 347 494 415 J.
542 344 687 408 1264.
1621 343 1810 397 Briefe.
2069 384 2078 395 „
2900 335 2975 415 63

450 505 890 590 paternitatem
948 514 1220 568 vestram
1270 503 1332 566 in
1396 500 1664 567 domino
1711 503 1906 589 ipsius
1963 503 2190 570 intuitu
2246 505 2510 583 amoris,
2575 507 2680 592 qui
2742 505 2980 571 nullum

450 590 691 678 repellit
747 592 924 679 sequi
982 588 1340 670 volentem,
1404 602 1472 656 ut
1519 589 1871 676 dignemini
1930 614 2141 656 meam
2189 592 2572 678 peticionem
2630 591 2981 673 admittere,

449 677 941 745 misericorditer
989 676 1282 744 exaudire
1328 701 1434 743 me
1495 701 1639 743 cum
1687 678 2013 744 sororibus
2059 680 2299 744 vocatis
2348 700 2410 745 et
2457 678 2761 746 vocandis
2809 702 2983 768 post-

450 765 718 833 modum
767 765 880 832 sub
919 764 1158 831 ordinis
1208 788 1422 831 curam
1473 776 1534 831 et
1565 768 2035 852 protectionem
2085 765 2336 852 plenam
2386 768 2780 854 recipienteS,
2831 792 2982 834 con-

452 854 751 921 cedentes
799 853 982 919 nobis
1029 876 1285 919 sorores
1335 852 1574 918 ordinis
1623 852 1843 920 doctas
1892 865 1955 920 et
2002 854 2298 921 discretas
2349 908 2362 920 .
2415 909 2427 921 .
2480 909 2494 921 .
2810 883 2813 886 ⁴

665 1056 681 1083 ¹
720 1047 792 1099 So
831 1047 933 1099 HS.

648 1218 772 1293 Pol.
813 1255 894 1311 29,
934 1239 1026 1293 Nr.
1074 1240 1151 1307 38.
1227 1239 1329 1291 Die
1357 1239 1549 1291 Schrift
1588 1240 1653 1291 ist
1694 1240 1831 1292 stark
1870 1239 2119 1292 verblasst
2159 1239 2264 1292 und
2302 1241 2513 1293 schwer
2550 1241 2737 1295 lesbar.
2794 1242 2981 1311 Agnes

449 1345 561 1380 war
610 1327 693 1380 die
744 1327 982 1380 Tochter
1028 1327 1185 1379 Erich
1233 1326 1637 1397 Plogpennings
1691 1328 2037 1396 (ηιμ-50).
2127 1327 2283 1381 Auch
2331 1329 2442 1380 ihre
2491 1329 2795 1382 Schwester
2843 1331 2982 1398 Jutta

450 1415 704 1468 widme'te
744 1416 858 1468 sich
895 1415 1015 1468 dem
1057 1415 1345 1484 religiosen
1385 1415 1580 1467 Leben.

1665 1590 1767 1660 20.

660 1714 831 1780 Zwei
874 1713 1192 1779 Schreiben
1240 1716 1396 1778 eines
1442 1714 1829 1799 Provinz‘ials
1875 1735 1956 1779 an
2003 1715 2204 1801 Kbnig
2244 1713 2501 1781 Ottokar
2545 1739 2662 1781 von
2692 1716 2981 1795 Bbhmen,

448 1826 549 1867 um
594 1804 754 1867 scine
800 1802 1291 1890 Mzssstimmung
1333 1824 1522 1888 gegen
1568 1803 1663 1867 die
1694 1800 2140 1868 Dominikaner
2186 1803 2293 1868 der
2339 1803 2654 1869 deutschen
2696 1804 2980 1889 Provinz,

448 1891 542 1955 die
585 1913 645 1954 u.
680 1911 738 1955 α.
772 1889 1223 1976 Beleidigendes
1269 1889 1415 1955 iiber
1461 1889 1564 1954 ihn
1612 1911 1693 1955 an
1741 1891 1835 1955 die
1867 1890 2059 1955 Kurie
2100 1890 2479 1977 geschrieben
2524 1891 2717 1957 haben
2746 1891 2981 1971 sollten,

447 2001 524 2060 zu
570 1977 904 2064 besez'tigen.
999 1975 1154 2065 (Um
1209 1979 1332 2043 126
1336 1977 1603 2067 5—70.)

667 2105 717 2148 1.
768 2082 1188 2148 Serenissimo
1238 2084 1372 2168 regi
1417 2083 1815 2148 Boemorum
1863 2102 1981 2149 etc.
2033 2136 2046 2148 .
2099 2136 2112 2148 .
2166 2136 2179 2149 .
2250 2083 2629 2150 Cottidianis
2686 2108 2797 2150 sue
2844 2107 2982 2170 pra-

448 2171 652 2237 vitatis
701 2169 991 2236 nondum
1039 2169 1310 2256 fatigatis
1367 2172 1684 2236 exerciciis
1743 2172 1807 2236 in
1865 2169 1928 2236 id
1987 2172 2282 2257 percipue
2342 2174 2626 2238 noscitur
2674 2171 2982 2260 (namlich

448 2259 686 2346 antiqui
746 2259 948 2325 hostis
1018 2257 1282 2346 invidia)
1342 2259 1642 2345 aspirare,
1708 2258 1883 2345 quod
1947 2259 2280 2345 religiosos
2345 2261 2517 2326 viros
2583 2261 2771 2325 armis
2832 2258 2981 2324 fidei

450 2347 938 2432 circumseptOS,
1006 2369 1278 2434 quorum
1340 2346 1404 2411 in
1465 2368 1813 2432 congressu
1879 2368 1997 2413 suo
2054 2365 2264 2433 stupet
2323 2346 2676 2429 audaciam,
2743 2346 2885 2433 plan
2936 2349 2981 2412 it

447 2434 800 2515 victoriam,
833 2435 1022 2501 sentit
1055 2435 1442 2520 potenciam,
1476 2434 1892 2522 qualicunque
1919 2433 2210 2500 destituat
2243 2434 2540 2521 presidio,
2575 2458 2703 2523 quo
2736 2370 2981 2521 pusilii-

449 2521 655 2587 nimes
704 2520 950 2603 efficiat,
1004 2521 1212 2589 videat
1258 2521 1629 2588 imbecillos,
1721 2521 1877 2588 Inde
1923 2544 2036 2609 per
2091 2521 2474 2589 mediatores
2520 2546 2672 2589 suos
2731 2521 2979 2589 efficere

449 2610 684 2691 nititur,
734 2608 906 2697 quod
939 2621 1161 2677 contra
1192 2609 1526 2697 religiosos
1558 2633 1864 2698 pauperes
1896 2609 2132 2678 ferveat
2162 2633 2580 2697 personarum
2615 2610 2978 2678 sublimium

448 2700 838 2779 commociO,
887 2699 1336 2765 innocencium
1385 2696 1493 2765 fiat
1538 2697 1834 2780 addictio,
1882 2698 2293 2786 prejudicium
2340 2701 2405 2764 in
2453 2699 2761 2766 absentes,
2830 2700 2979 2779 Que

446 2810 545 2852 res
605 2809 739 2851 non
807 2798 937 2852 tam
996 2788 1236 2854 usitatis
1292 2785 1590 2873 probatur
1647 2787 1980 2873 exemplis,
2039 2810 2229 2875 quarn
2276 2786 2590 2853 veteribus
2638 2789 2980 2854 innotescit

449 2874 722 2939 historiis
773 2927 786 2939 .
840 2926 852 2939 .
906 2927 919 2939 .
982 2874 1160 2954 Quid
1207 2874 1416 2962 plura?
1474 2872 1795 2942 Deficeret
1851 2893 2102 2961 tempus
2151 2899 2255 2941 me
2303 2898 2582 2957 narrare,
2631 2887 2725 2942 set
2772 2876 2979 2941 omni-

447 2973 676 3047 potens
709 2963 917 3042 DeuS,
965 2964 1071 3050 qui
1103 2961 1178 3028 ad
1212 2974 1517 3049 punctum
1563 2974 1625 3029 et
1656 2962 2009 3028 immodico
2044 2962 2463 3050 dispensative
2496 2986 2646 3029 suos
2680 2962 2978 3050 probasse

447 3050 614 3116 visus
663 3060 777 3131 est,
823 3051 998 3137 ipsos
1044 3052 1110 3115 in
1156 3052 1585 3137 temptacione
1619 3053 1891 3116 omnino
1940 3074 2074 3116 non
2108 3050 2404 3131 deseruit,
2450 3063 2546 3117 set
2577 3052 2863 3138 ipsorum
2903 3050 2977 3116 ab

448 3138 796 3205 humilitate
846 3137 1046 3225 capud
1079 3162 1224 3204 cum
1258 3138 1455 3223 gloria
1489 3138 1863 3205 sublimavit.
1927 3139 2092 3204 Hinc
2127 3158 2240 3220 est,
2289 3138 2482 3227 quod,
2518 3163 2663 3205 cum
2695 3139 2977 3205 audirem

447 3227 512 3290 in
578 3227 986 3291 serenissimo
1050 3238 1309 3312 pectore
1366 3246 1579 3292 vestro
1648 3237 1869 3292 contra
1915 3225 2133 3292 fratres
2192 3245 2450 3292 nostros
2513 3226 2976 3313 indignacionis

448 3311 702 3379 nebulas
751 3312 1126 3400 obrepsisse,
1175 3337 1309 3379 non
1342 3313 1603 3400 indigne
1636 3315 1852 3379 animo
1887 3325 2326 3380 consternatus
2361 3316 2581 3400 expavi
2626 3338 2695 3380 ac
2728 3315 2974 3400 inpiger

445 3402 669 3487 paratis
718 3400 1059 3488 disciplinis
1105 3400 1488 3487 regularibus
1536 3400 1746 3467 studui
1800 3402 1980 3488 hujus
2026 3403 2117 3466 rei
2164 3420 2454 3467 autorem
2499 3403 2822 3482 invenire,
2882 3414 2978 3468 set

448 3491 875 3577 unusquisque
909 3512 1086 3555 suam
1120 3500 1502 3575 protestatus
1541 3490 1985 3555 innocenciam
2025 3488 2102 3555 ad
2136 3490 2567 3555 excusacionis
2598 3487 2976 3555 beneficium

450 3577 829 3643 convolavit.
923 3578 1237 3656 Quamvis
1284 3589 1494 3643 autem
1552 3577 1938 3664 probacione
1987 3588 2269 3644 cessante
2324 3576 2604 3663 legitima
2653 3575 2852 3665 (tam)
2901 3576 2980 3643 ad

447 3664 903 3732 absolvendum
924 3688 1114 3752 quam
1146 3663 1223 3730 ad
1249 3664 1855 3751 condempnandum
1888 3667 2016 3751 jura
2046 3688 2165 3730 nos
2194 3689 2329 3731 esse
2362 3664 2613 3752 jubeant
2643 3666 2977 3752 primoreS,

448 3752 816 3820 excellentie
864 3771 1077 3818 tamen
1111 3764 1318 3820 vestre
1366 3752 1560 3819 multa
1594 3777 1739 3819 cum
1774 3753 2124 3819 humilitate
2171 3754 2232 3818 in
2271 3753 2567 3819 omnibus
2614 3772 2979 3820 reverenter

448 3838 687 3907 deferre
738 3842 996 3927 cupiens
1044 3841 1510 3907 correctionem
1556 3839 1817 3908 fratrum
1865 3864 2190 3922 meorum,
2246 3841 2398 3907 dum
2446 3853 2661 3908 tamen
2710 3840 2787 3908 de
2835 3865 2979 3928 pro-

446 3929 646 3993 vincia
694 3928 1062 3995 Theutonie
1119 3929 1272 4008 sint,
1335 3952 1480 3994 nam
1531 3927 1607 3993 ad
1665 3928 1820 3994 alios
1879 3953 2011 3994 non
2073 3929 2428 3995 extenditur
2475 3953 2617 3996 mea
2675 3931 2977 4016 provisiO,

449 4013 794 4081 clemencie
856 4034 1065 4082 vestre
1138 4018 1510 4097 committO,
1583 4028 1645 4082 et
1711 4018 1763 4082 si
1826 4018 2223 4097 inveneritiS,
2300 4016 2473 4105 quod
2536 4020 2601 4083 in
2669 4017 2978 4083 offensam

448 4105 785 4189 majestatis
832 4122 1074 4184 vestre,
1121 4115 1311 4190 prout
1358 4103 1592 4185 dicitis,
1640 4103 1718 4170 ad
1767 4106 1999 4171 curiam
2050 4106 2431 4192 scripserint,
2480 4106 2545 4169 in
2593 4106 2787 4191 ipsos,
2845 4127 2978 4170 non

448 4190 620 4277 quod
665 4193 754 4257 ira
800 4192 1111 4278 suggerit,
1159 4210 1253 4257 set
1302 4191 1475 4280 quod
1520 4191 1788 4259 bonitati
1833 4203 2042 4259 vestre
2088 4192 2405 4279 placuerit,
2453 4194 2752 4259 statuatis,
2825 4193 2977 4258 Non

449 4279 619 4344 enim
684 4278 935 4366 expedit
1032 4282 1336 4365 aupertati
1383 4291 1598 4347 nostre
1658 4303 1779 4345 nos
1834 4279 2099 4347 reddere
2147 4280 2246 4347 vel
2306 4282 2538 4346 sentire
2589 4292 2978 4360 commotOS,

448 4366 560 4432 sub
592 4390 865 4454 quorum
916 4391 990 4433 cu
1017 4368 1189 4431 mine
1222 4390 1391 4433 sacra
1439 4369 1649 4455 quiete
1682 4367 1856 4454 degit
1902 4367 2123 4454 religio
2174 4392 2243 4434 ac
2276 4391 2549 4456 quorum
2585 4367 2978 4453 dignacionis

445 4473 734 4541 respectu
791 4457 964 4543 quasi
1013 4453 1386 4542 quibusdam
1442 4455 1550 4521 alis
1609 4455 1771 4521 ordo
1820 4474 2038 4521 noster
2092 4455 2452 4535 roboratur,
2518 4457 2871 4542 protegitur
2920 4475 2980 4521 et

446 4540 727 4624 fovetur,
776 4544 978 4629 magis
1026 4561 1235 4609 autem
1284 4555 1538 4610 remoto
1588 4543 2049 4630 ingratitudinis
2098 4543 2441 4631 opprobrio
2490 4557 2742 4630 accepta
2790 4543 2979 4609 bene-

446 4628 587 4695 ficia
651 4632 1104 4717 recognicione
1154 4630 1358 4698 debita
1405 4633 1609 4697 tenaci
1658 4633 1971 4698 memorie
2017 4630 2471 4699 commendare
2519 4656 2638 4698 nos
2687 4631 2868 4698 decet
2917 4652 2977 4697 et
