3505 5335
571 314 654 395 64
1736 326 1925 379 Briefe.
2721 331 2764 400 J.
2811 332 2937 397 1265
2953 349 3101 400 —7o.

570 497 823 571 oportet
870 508 940 550 ac
988 486 1361 550 continuato
1397 483 1710 551 desiderio
1759 484 1940 551 vobis
1987 485 2202 551 celitus
2250 485 2690 552 retribucionis
2739 487 3102 555 habundan-

569 575 730 638 ciam
776 572 945 638 fideli
991 595 1253 659 precum
1300 573 1604 638 instancia
1652 574 1961 660 optinere.
2056 572 2556 663 Her(mannus).

778 763 889 818 Fol.
935 781 1013 834 31.

568 972 573 976 -
779 943 836 988 2.
887 923 1307 989 Serenissimo
1355 935 1540 1011 atque
1572 924 2100 990 victoriosissimo
2149 925 2418 991 domino
2453 926 2848 1015 O(ttokaro)
2891 925 3098 993 divina

567 1009 910 1076 clemencia
941 1011 1076 1097 regi
1108 1011 1500 1076 Boemorum
1532 1010 1933 1097 provincialis
1969 1065 1981 1077 .
2020 1065 2033 1078 .
2072 1066 2084 1078 .
2130 1013 2349 1080 Inclite
2382 1015 2672 1101 princeps
2708 1026 2769 1080 et
2802 1014 3093 1081 domine!

564 1098 784 1184 Nuper
831 1100 897 1163 in
943 1099 1047 1164 tali
1092 1097 1240 1164 loco
1273 1100 1654 1165 constitutus
1701 1097 1909 1165 audivi
1941 1099 2150 1188 aliquo
2200 1101 2511 1168 referente
2544 1115 2817 1169 vestram
2863 1104 3097 1169 sereni-

565 1197 758 1251 tatem
821 1187 1122 1252 hactenus
1167 1185 1477 1272 placidam
1531 1185 1830 1253 adversus
1876 1186 2097 1254 fratres
2157 1209 2414 1255 nostros
2460 1189 2697 1257 ibidem
2754 1189 3098 1277 aliqualiter

564 1271 957 1340 obscuratam
1005 1286 1291 1360 pretextu
1357 1273 1517 1340 illius
1574 1273 1717 1341 facti
1776 1287 1894 1341 etc.
1989 1276 2189 1356 Quod
2252 1290 2428 1344 tanto
2479 1277 2839 1344 dolorosius
2893 1279 3098 1364 tetigit

564 1360 755 1426 corda
801 1360 1093 1443 fratrum,
1155 1374 1393 1449 quanto
1440 1385 1551 1449 per
1600 1363 1884 1449 ipsorum
1946 1364 2194 1429 emulos
2243 1378 2336 1432 est
2394 1378 2614 1432 contra
2660 1368 2832 1453 ipsos
2933 1378 3097 1432 reter

561 1450 767 1514 tocius
813 1451 1090 1516 veritatis
1136 1462 1431 1516 tenorem
1465 1462 1671 1517 vestra
1718 1450 1943 1536 regalis
1990 1450 2345 1539 benignitas
2393 1466 2755 1541 provocata.
2835 1389 3015 1520 Absit
3062 1479 3094 1519 a

561 1534 702 1602 filiis
748 1539 946 1623 gratie
978 1537 1442 1624 ingratitudinis
1480 1540 1737 1618 vicium,
1787 1551 1853 1605 ut
1901 1538 2346 1608 munificencie
2378 1543 2572 1628 regie,
2621 1565 2809 1630 quam
2847 1543 3093 1609 tociens

563 1648 637 1690 ex
686 1626 800 1691 erti
847 1649 1065 1691 sumus
1112 1627 1176 1690 in
1225 1637 1439 1692 nostra
1488 1628 1860 1693 necessitate
1951 1647 2216 1710 aratam,
2278 1630 2382 1696 tali
2430 1629 2804 1696 deberemus
2860 1631 3094 1696 vicissi-

559 1724 626 1778 tu
673 1714 777 1778 ine
822 1712 1229 1801 respondere.
1298 1714 1454 1781 Non
1503 1738 1657 1801 ergo
1705 1649 2001 1781 ascemiat
2049 1717 2172 1782 hoc
2220 1740 2407 1804 super
2457 1740 2569 1783 cor
2612 1717 2857 1784 domini
2904 1720 3092 1805 regis,

559 1799 733 1887 quod
779 1799 948 1868 fideli
994 1800 1410 1888 indagacione
1469 1801 1727 1889 probata
1777 1802 2008 1868 nullam
2066 1803 2309 1872 obtinet
2355 1804 2750 1886 firmitatem,
2814 1818 2910 1872 set
2955 1829 3094 1893 per-

559 1889 799 1954 niciose
861 1888 1065 1955 verbis
1133 1890 1395 1956 veritate
1458 1890 1812 1957 carentibus
1875 1889 2194 1958 fabricent.
2306 1894 2728 1960 Protractiore
2800 1894 2944 1960 stilo
3013 1893 3092 1960 de

559 1974 816 2041 fratrum
866 1978 1244 2043 innocencia
1301 1978 1475 2064 plura
1523 1977 1806 2044 diffusius
1855 2002 2275 2060 recenserem,
2323 1983 2375 2046 si
2421 1983 2562 2048 viva
2615 1983 2793 2049 vocis
2843 2005 3092 2068 expres-

558 2064 740 2129 sione
786 2064 886 2130 illa
916 2064 1097 2131 vobis
1136 2064 1484 2145 referenda,
1533 2066 1683 2132 dum
1717 2065 1796 2132 ad
1843 2079 2118 2133 vestram
2149 2071 2542 2154 presenciam
2590 2072 2806 2137 venire
2840 2082 3088 2157 potem,

558 2174 693 2217 non
739 2175 1076 2219 servarem.
1174 2153 1477 2219 Ceterum
1528 2153 1880 2220 celsitudini
1926 2167 2133 2221 vestre
2181 2156 2500 2224 humiliter
2547 2157 2831 2244 supplico
2893 2170 2953 2224 et
3001 2159 3091 2223 in·

556 2251 812 2322 stanter,
861 2253 1166 2329 quatenus
1197 2240 1414 2308 fratres
1447 2254 1704 2308 nostros
1751 2244 1817 2308 in
1850 2254 2053 2309 vestra
2088 2241 2537 2311 dominacione
2570 2244 2876 2331 degentes
2909 2245 3089 2313 vobis

555 2327 826 2395 humiles
893 2342 955 2396 et
1016 2328 1285 2396 devotos
1352 2342 1721 2396 conservata
1787 2329 2028 2397 eisdem
2088 2345 2391 2399 consueta
2453 2335 2699 2420 pietatis
2757 2334 3090 2400 clementia

517 2414 784 2482 babere
832 2415 1182 2503 dignemini
1238 2429 1498 2504 propter
1544 2419 1759 2484 Deum
1815 2420 1880 2484 in
1940 2421 2272 2506 oportunis
2322 2444 2546 2487 eorum
2604 2423 2890 2508 negociis
2946 2444 3090 2508 pro-

556 2504 810 2589 pensius
860 2504 1348 2572 commendatos
1399 2559 1411 2571 .
1465 2559 1477 2571 .
1532 2559 1544 2571 .
1595 2505 2013 2595 Ar(noldus).

765 2715 877 2769 Fol.
922 2732 999 2785 33.
1075 2716 1235 2769 Beide
1283 2717 1571 2770 Schreiben
1617 2719 1861 2788 gehoren
1909 2719 2049 2771 ihrer
2093 2718 2335 2789 Stellung
2381 2720 2518 2772 nach
2569 2721 2621 2772 in
2669 2720 2752 2773 die
2792 2721 2900 2773 Zeit
2950 2722 3088 2774 nach

553 2803 675 2855 dem
714 2804 919 2856 Pariser
955 2803 1147 2873 (1264)
1186 2804 1292 2857 und
1331 2822 1427 2857 vor
1464 2805 1556 2857 das
1594 2805 1887 2859 Mailiinder
1925 2806 2350 2877 Generalkapitel
2379 2809 2589 2876 (127o);
2630 2808 2736 2878 vgl.
2766 2808 3085 2879 Einleitung.

552 2891 683 2943 Eine
728 2893 924 2945 niihere
962 2893 1440 2962 Datierung.wird
1486 2893 1635 2946 wohl
1680 2894 1826 2946 nicht
1874 2903 1970 2963 gut
2016 2894 2256 2965 moglich
2303 2896 2432 2949 sein.
2515 2886 2661 2949 Uber
2710 2897 3084 2967 Beziehungen

553 2978 806 3032 Ottokars
844 2998 906 3032 zu
945 2980 1048 3033 den
1085 2982 1504 3034 Dominikanern
1543 2982 1648 3051 vgl.
1691 2982 1892 3036 Chron.
1935 2983 2169 3037 Colmar.
2209 2984 2262 3035 in
2300 2983 2425 3037 MG.
2466 2984 2555 3037 SS.
2594 2985 2764 3050 XVII,
2807 2984 2925 3049 246.

1769 3139 1859 3210 21.

550 3345 651 3434 (U
758 3261 1315 3438 De6r6)Pr0vinziczl
1375 3263 1725 3351 beachtragt
1792 3267 1960 3331 einen
2022 3265 2201 3331 Prior
2274 3267 2383 3329 mit
2443 3265 2550 3330 der
2612 3266 3080 3353 Kreuzpredigt.

645 3372 704 3412 m
757 3368 832 3413 12
932 3402 944 3414 .

759 3455 939 3520 Prior
997 3457 1396 3541 provincialis
1450 3455 1553 3523 tali
1615 3458 1810 3543 priori
1857 3457 2121 3524 salutem
2178 3458 2244 3522 in
2292 3456 2558 3523 domino
2608 3460 3077 3544 sempiternam.

549 3541 717 3607 Cum
766 3540 845 3608 de
877 3541 1316 3629 predicacione
1350 3546 1548 3610 crucis
1581 3546 1646 3609 in
1692 3544 2039 3612 subsidium
2071 3557 2236 3611 terre
2284 3558 2497 3612 sancte
2531 3566 2592 3611 et
2636 3568 2822 3632 super
2856 3545 3077 3612 eadem

546 3627 984 3715 predicacione
1032 3630 1184 3712 aliis,
1234 3630 1312 3697 de
1358 3631 1581 3719 quibus
1629 3631 1813 3698 nobis
1870 3634 2074 3699 visum
2123 3632 2337 3714 fuerit,
2398 3632 2855 3699 committenda
2902 3656 3079 3699 man-

547 3716 765 3782 datum
812 3717 1233 3803 apostolicum
1280 3721 1705 3806 receperimus
1755 3720 2053 3807 speciale,
2116 3745 2236 3787 nos
2295 3720 2373 3787 de
2420 3733 2627 3788 vestra
2687 3720 3079 3788 discrecione

544 3803 797 3890 plenam
843 3818 1137 3891 gerentes
1184 3805 1479 3873 fiduciam
1525 3807 1706 3874 vobis
1754 3821 1981 3875 tenore
2028 3811 2427 3896 presencium
2477 3810 2960 3891 committimuS,
3010 3823 3077 3877 ut

545 3915 656 3978 per
688 3891 896 3959 datam
929 3917 962 3958 a
993 3894 1138 3959 Deo
1185 3894 1366 3961 vobis
1400 3895 1807 3981 prudenciam
1842 3896 2063 3963 eadem
2098 3899 2468 3964 auctoritate
2515 3921 2627 3984 per
2664 3899 2975 3964 terminos
3012 3951 3024 3964 .
3064 3952 3076 3965 .

545 3979 814 4046 eandem
863 4004 1115 4047 crucem
1177 3982 1527 4049 secundum
1586 3986 2057 4051 continenciam
2112 3985 2459 4052 litterarum
2507 3985 2818 4072 papalium
2874 3985 3079 4073 predi-

546 4070 719 4150 cetiS,
768 4093 900 4135 non
932 4068 1222 4137 obstante
1255 4095 1460 4153 cruce,
1509 4095 1630 4160 que
1668 4071 2023 4159 predicatur
2052 4096 2165 4160 per
2196 4072 2351 4138 alios
2393 4072 2610 4139 fratres
2643 4074 2708 4138 in
2743 4074 3075 4141 Livoniam

544 4175 604 4223 et
651 4158 949 4224 Prutiam.
1001 4211 1013 4223 .
1067 4211 1080 4224 .
2645 4166 2650 4171 ’

752 4367 862 4421 Fol.
909 4384 986 4434 32.
1062 4370 1172 4421 Der
1221 4370 1368 4422 Brief
1408 4371 1601 4440 gehort
1653 4371 1831 4422 seiner
1884 4371 2126 4440 Stellung
2173 4372 2310 4423 nach
2361 4372 2413 4423 in
2461 4371 2544 4423 die
2593 4371 2701 4423 Zeit
2754 4372 2890 4423 nach
2943 4371 3079 4436 1264

540 4455 617 4506 bis
662 4470 809 4523 1270.
885 4457 1054 4510 Einen
1093 4457 1328 4510 direkten
1366 4459 1698 4528 papstlichen
1720 4459 1949 4528 Austrag
1987 4478 2075 4512 zur
2103 4458 2487 4528 Kreuzpredigt
2513 4460 2565 4511 in
2606 4458 2896 4511 subsidium
2934 4469 3076 4522 terre·

540 4551 720 4594 sancte
760 4561 982 4614 vermag
1019 4546 1105 4597 ich
1142 4546 1398 4598 wahrend
1437 4546 1609 4599 dieser
1646 4548 1758 4599 Zeit
1795 4547 1877 4599 fur
1915 4546 2017 4599 den
2056 4547 2347 4599 deutschen
2386 4546 2680 4599 Provinzial
2727 4547 2872 4599 nicht
2911 4547 3072 4600 nach-

539 4631 822 4683 zuweisen.
861 4632 960 4684 Zur
984 4633 1369 4704 Kreuzpredigt
1396 4651 1575 4704 gegen
1602 4634 1822 4687 Livland
1852 4634 2039 4687 erhielt
2065 4634 2310 4687 letzterer
2335 4634 2652 4688 wiederholt
2674 4635 3077 4704 Aufforderung
