3505 5335
581 338 696 403 142
1733 333 1922 386 Briefe.
2854 333 2897 402 J.
2945 307 3093 400 1'289.

572 492 714 545 volui
752 493 1014 562 presentia
1051 492 1259 561 spiritus
1298 509 1405 543 non
1445 499 1754 557 contentuS,
1801 499 1880 543 set
1919 492 2249 561 propositum
2295 491 2685 560 perseverantia
2723 490 2909 555 caruit,
2959 491 3093 560 quia,

571 582 705 633 sicut
738 581 921 645 nostiS,
962 579 1112 632 valde
1151 597 1269 632 sum
1306 580 1572 650 impotens
1611 578 1675 631 ad
1715 578 1945 631 eundum
1977 621 1987 631 .
2018 621 2028 632 .
2061 620 2071 631 .
2099 576 2478 631 Anscheinend
2505 578 2659 630 weist
2698 593 2755 629 er
2793 576 2887 630 auf
2918 576 3096 631 fruher

572 668 682 722 ihm
732 687 794 722 zu
842 667 932 720 teil
991 667 1317 738 gewordene
1372 666 1862 720 Freundlichkeiten
1911 666 2003 719 des
2054 665 2434 719 Ordensobern
2493 665 2599 718 hin.
2687 664 2839 718 Nach
2886 664 2977 719 fol.
3033 665 3094 717 18

571 757 716 809 hatte
755 757 841 809 ein
880 755 1038 808 frater
1073 755 1281 825 Johann
1319 756 1404 807 bei
1443 755 1647 808 seinem
1686 755 1893 807 Eintritt
1932 755 1984 806 in
2024 754 2124 807 den
2164 752 2348 806 Orden
2386 753 2557 805 kleine
2587 753 3095 823 Vergfinstigungen

573 843 809 897 erhalten
847 843 952 899 und
992 844 1178 896 suchte
1217 843 1365 896 dafur
1402 842 1485 896 die
1516 843 1883 912 Zustimmung
1922 841 2013 895 des
2053 841 2311 894 Generals
2350 842 2512 905 nach;
2552 841 2994 894 wahrscheinlich
3031 841 3096 893 ist

571 931 745 985 dieser
768 931 966 985 Bruder
1004 931 1265 985 identisch
1290 932 1384 985 mit
1416 931 1682 1000 Iohannes
1710 930 1775 983 de
1796 930 1930 983 Alba
1970 929 2076 983 und
2101 914 2249 982 xvohl
2275 929 2411 982 auch
2435 929 2530 981 mit
2558 928 2802 981 dominus
2824 928 3095 998 Johannes

573 1021 637 1073 de
674 1020 970 1090 Argentina
1006 1019 1124 1088 (fol.
1169 1021 1277 1088 34),
1327 1019 1420 1071 der
1456 1018 1551 1072 auf
1581 1018 1745 1072 vieles
1785 1019 2040 1088 Drangen
2077 1035 2174 1070 nur
2212 1017 2447 1086 zogernd
2484 1017 2536 1069 in
2585 1016 2687 1069 den
2727 1015 2909 1070 Orden
2957 1017 3095 1080 tritt3

575 1109 644 1162 ob
681 1109 817 1161 auch
855 1107 1095 1161 derselbe
1134 1108 1264 1161 oder
1302 1106 1575 1161 verwandt
1612 1108 1707 1159 mit
1747 1106 1870 1159 dem
1909 1107 2124 1159 reichen
2163 1104 2521 1174 Strassburger
2560 1103 2798 1157 Kleriker
2825 1105 3095 1174 Johannes

574 1196 638 1249 de
679 1196 834 1262 Alba,
881 1195 972 1248 der
1016 1194 1146 1248 1268
1188 1195 1308 1248 dem
1347 1194 1531 1248 Orden
1568 1193 1748 1265 grosse
1788 1194 2178 1263 Schenkungen
2216 1193 2461 1245 machte?
2536 1191 2656 1262 Vgl.
2698 1191 2924 1245 Bulletin
2964 1209 3095 1246 usw.

573 1285 664 1350 IX,
709 1286 821 1353 178.

1773 1420 1905 1491 123.

785 1545 1313 1633 (Ordensgeneral
1358 1546 1602 1636 Munio)
1662 1545 1944 1611 berichtet
2005 1544 2216 1611 lobend
2269 1544 2415 1611 iiber
2468 1546 2578 1612 das
2634 1547 2692 1611 V
2684 1545 2955 1612 erhalten
3000 1546 3100 1611 des

563 1633 941 1722 pc'ipstlichen
989 1633 1329 1700 Kollektors
1374 1634 1652 1700 Dietrich
1697 1656 1815 1699 von
1871 1631 2138 1699 Orviet0.
2233 1630 2485 1723 (1289.)

785 1741 1017 1806 Littera
1079 1738 1624 1807 commendatoria
1682 1738 1760 1805 ad
1825 1761 2051 1826 papam
2112 1751 2175 1806 et
2236 1737 2596 1806 cardinales,
2699 1738 3098 1805 Hebreorum

577 1840 828 1895 narrant
874 1828 1168 1908 historie,
1231 1826 1436 1915 quod,
1496 1850 1641 1893 cum
1687 1829 2000 1893 Assuerus
2047 1849 2156 1892 rex
2204 1848 2418 1892 coram
2467 1851 2534 1893 se
2581 1825 2812 1893 faceret
2858 1826 3098 1892 annalia

576 1917 920 1996 recenseri,
980 1914 1176 1982 fidem
1223 1916 1319 1982 sui
1365 1914 1628 1982 recoluit
1675 1914 2079 1995 Mardochei,
2138 1936 2325 2002 quam
2383 1916 2541 1981 sicut
2586 1933 2799 2001 gratus
2844 1913 3099 1994 audivit,

577 2005 661 2071 ita
697 2016 766 2071 ut
813 2002 1184 2089 magnificus
1240 2004 1599 2090 premiavit,
1656 2003 1925 2090 posteris
1973 2002 2333 2091 relinquens
2390 2002 2781 2091 exemplum,
2838 2014 2935 2084 ut,
3036 2004 3100 2068 ui

576 2114 784 2158 rerum
820 2092 1207 2179 presentium
1230 2103 1451 2158 tenent
1474 2090 1770 2171 culmina,
1804 2088 2182 2156 devotorum
2217 2089 2333 2157 sibi
2358 2102 2870 2178 recongnoscant
2899 2025 3101 2156 studia

578 2192 641 2247 et
680 2178 885 2266 *digna
941 2180 1180 2245 meritis
1237 2177 1539 2245 beneficia
1593 2189 2105 2265 recompensent.
2212 2179 2375 2245 Sane
2434 2178 2606 2266 quod
2670 2177 2882 2244 auditu
2938 2179 3100 2245 auris

575 2291 761 2354 perce
810 2290 1011 2348 eram,
1073 2268 1335 2333 veniens
1383 2269 1447 2333 in
1495 2266 1941 2333 Alemanniam
1998 2264 2195 2332 oculis
2242 2269 2531 2353 perspexi
2576 2265 2891 2348 fidelibus,
2997 2290 3037 2331 u
3076 2305 3101 2313 -

575 2355 713 2423 liter
759 2291 1144 2421 fionorabilis
1192 2355 1285 2421 vir
1332 2356 1630 2441 magister
1660 2352 2172 2441 Th(eodericus)
2266 2355 2396 2420 rior
2441 2355 2639 2420 sancti
2684 2289 3101 2420 Andreequ-

577 2442 919 2510 beuetanus
966 2448 1035 2509 Se
1081 2444 1276 2529 gessit
1320 2444 1385 2507 in
1432 2443 1749 2529 negociis,
1808 2464 1929 2529 que
1977 2441 2090 2507 sibi
2138 2465 2207 2508 se
2256 2465 2320 2509 es
2376 2441 2722 2529 apostolica
2769 2441 3099 2528 delegavit.

579 2531 770 2598 Certe
817 2532 1026 2597 mirari
1075 2549 1396 2618 poteram,
1457 2554 1601 2597 cum
1659 2552 1986 2596 cernerem
2032 2529 2591 2596 Theutonicorum
2650 2541 2912 2616 gentem
2958 2530 3102 2616 rigi-

579 2618 724 2686 dam
755 2620 842 2686 sic
886 2620 1081 2706 ipsius
1114 2618 1447 2687 affectione
1480 2617 1859 2699 devinctam,
1906 2629 1976 2685 ut
2008 2641 2153 2684 eum
2187 2636 2590 2685 veneraretur
2635 2637 2703 2686 ut
2743 2616 3100 2699 dominum,

581 2706 867 2794 diligeret
912 2719 981 2774 ut
1026 2719 1384 2795 patronum.
1479 2707 1585 2773 Set
1644 2726 1705 2773 et
1751 2707 1877 2772 hoc
1936 2705 2184 2773 efficere
2232 2705 2418 2772 donis
2479 2729 2610 2772 non
2658 2708 2893 2794 potuit,
2955 2729 3100 2771 nam

580 2819 802 2861 manus
850 2818 989 2861 suas
1024 2797 1204 2861 omni
1251 2797 1521 2862 excussit
1565 2819 1600 2861 a
1646 2816 1931 2875 munere,
1979 2795 2263 2895 quamvis
2311 2794 2436 2861 hoc
2482 2793 2598 2860 sibi
2644 2796 2909 2881 gratuita
2955 2792 3102 2859 libe-

579 2883 782 2949 ralitas
831 2882 1180 2964 detulisset,
1245 2903 1306 2950 et
1354 2884 1823 2949 execrationem
1871 2881 2044 2948 dux1t
2089 2881 2166 2948 ad
2215 2905 2286 2948 ea
2332 2906 2594 2948 manum
2641 2884 2922 2963 mittere,
2979 2905 3101 2969 que

578 2970 691 3037 sibi
740 2969 971 3057 prefata
1017 2970 1198 3037 sedes
1245 2970 1508 3058 provide
1556 2971 1981 3037 commisisset
2024 3024 2036 3036 .
2076 3023 2089 3036 .
2127 3023 2140 3036 .
2189 2971 2326 3036 Hec
2375 2972 2683 3037 sanctitati
2729 2989 2936 3037 vestre
2984 2992 3101 3056 pro

578 3071 755 3126 tanto
804 3058 1156 3145 significare
1196 3058 1466 3139 decrevi,
1514 3082 1648 3124 non
1695 3076 1765 3124 ut
1811 3059 2214 3146 propriorum
2261 3060 2635 3125 meritorum
2682 3057 2819 3125 luce
2854 3059 3104 3144 conspi-

581 3170 758 3213 cuus
790 3148 1079 3234 precariis
1136 3149 1380 3214 iuvetur
1434 3147 1846 3228 testimoniis,
1910 3158 2006 3213 set
2062 3157 2129 3213 ut
2187 3147 2432 3212 animus
2491 3145 2735 3213 domini
2789 3157 2967 3213 tanto
3008 3146 3103 3211 'sit

580 3236 872 3322 quietior,
919 3258 1047 3323 quo
1096 3235 1210 3302 sibi
1255 3234 1610 3302 famulantis
1657 3236 1928 3302 intentio
1978 3234 2291 3300 sollertior
2338 3236 2670 3300 invenitur.
2741 3234 2881 3321 Ipse
2930 3234 3098 3299 enim

581 3346 726 3389 cum
773 3322 960 3390 Iacob
1009 3342 1145 3390 estu
1191 3335 1449 3410 urgetur
1484 3335 1546 3390 et
1591 3322 1759 3409 gelu,
1809 3346 1952 3388 cum
2000 3321 2292 3409 apostolo
2340 3325 2404 3387 in
2438 3323 2683 3389 civitate
2731 3322 3001 3408 pericula
3041 3339 3102 3387 et

582 3412 646 3475 in
694 3410 1032 3478 solitudine
1065 3411 1317 3499 pertulit
1362 3413 1427 3477 in
1459 3409 1770 3477 laboribus
1816 3409 2097 3497 plurimis
2132 3432 2344 3476 curam
2377 3433 2575 3497 usque
2622 3409 2698 3476 ad
2733 3433 2926 3476 canos
2964 3431 3101 3496 per-

585 3497 778 3580 duxit,
825 3510 921 3565 set
967 3523 1100 3565 non
1145 3517 1362 3586 gemet
1408 3500 1473 3564 in
1520 3499 1913 3578 novissimiS,
1969 3499 2075 3586 qui
2120 3497 2364 3565 labores
2411 3520 2561 3563 suos
2609 3499 2671 3562 in
2722 3496 2920 3563 domo
2967 3519 3102 3561 nou

584 3586 976 3654 collacaverit
1016 3587 1232 3653 aliena.
1305 3587 1392 3667 O,
1441 3588 1492 3651 si
1523 3586 1907 3672 gubernator
1939 3585 2124 3651 arche
2158 3584 2573 3652 ecclesiastice
2620 3608 2731 3672 per
2762 3583 3102 3651 fenestram

579 3674 985 3760 providencie
1019 3673 1377 3741 columbam
1408 3673 1808 3760 fluctivagam
1854 3672 2211 3741 introducat
2243 3686 2303 3740 et
2351 3675 2414 3738 in
2462 3673 2703 3759 templo
2737 3674 2880 3753 Dei,
2972 3670 3102 3738 uod

582 3785 825 3828 merces
873 3775 968 3830 est
1013 3764 1285 3849 propria,
1332 3760 1480 3828 fidei
1527 3773 1751 3828 statuat
1785 3761 2212 3849 columpnam,
2261 3784 2379 3827 nec
2420 3761 2772 3848 egrediatur
2810 3696 3100 3847 amfflius!

581 3849 704 3916 Vel
751 3862 918 3917 certe
964 3852 1016 3916 si
1062 3849 1278 3938 aliquis
1324 3848 1706 3938 tepefactum
1739 3850 1885 3916 cleri
1934 3861 1995 3916 et
2038 3848 2255 3936 populi
2303 3851 2367 3914 in
2398 3848 2773 3915 Alemannia
2804 3850 3101 3915 suscitare

582 3936 830 4003 debebit
877 3937 1171 4005 affectum
1203 3949 1460 4025 propter
1505 3936 1929 4004 turbationem
1978 3961 2111 4004 non
2154 3937 2567 4023 incognitam,
2617 3935 2817 4003 dictus
2849 3935 3104 4023 Th(eo-

583 4023 860 4113 dericus)
924 4024 1271 4093 multorum
1335 4024 1568 4092 iudicio
1634 4025 1847 4092 utilior
1909 4024 2243 4092 videretur.
2346 4025 2486 4112 Ipse
2544 4026 2713 4090 enim
2782 4026 2989 4090 noscit
3044 4035 3107 4090 et

584 4115 885 4194 noscitur,
935 4113 1134 4200 diligit
1180 4126 1243 4181 et
1288 4113 1563 4200 diligitur
1611 4125 1672 4180 et
1719 4115 1783 4179 in
1832 4115 2090 4194 cunctiS,
2140 4113 2215 4179 ad
2263 4137 2384 4200 que
2428 4114 2732 4193 mittetur,
2779 4133 3106 4199 prospera-

582 4202 745 4268 bitur
792 4200 1059 4268 domino
1109 4200 1523 4268 concedente.
1617 4202 1856 4268 Datum
1903 4212 2019 4268 etc.

794 4377 904 4431 Fol.
949 4392 1047 4446 170
1098 4376 1204 4429 und
1245 4393 1369 4448 199,
1417 4376 1675 4431 zweimal.
1749 4376 1941 4429 Martin
1987 4376 2076 4429 IV.
2131 4384 2384 4429 ernannte
2421 4376 2661 4429 Dietrich
2709 4377 2781 4428 im
2818 4374 2921 4445 Juli
2973 4375 3103 4427 1282

583 4484 702 4518 zum
740 4465 1018 4518 Kollektor
1055 4466 1106 4517 in
1144 4464 1237 4517 der
1274 4464 1484 4517 Trierer
1522 4464 1627 4518 und
1664 4465 1899 4517 Mainzer
1934 4465 2183 4530 Provinz,
2237 4464 2443 4517 schrieb
2481 4464 2592 4516 ihm
2629 4464 2702 4515 im
2739 4464 2931 4534 Januar
2974 4463 3101 4530 1283

584 4554 727 4606 fiber»
750 4554 832 4607 die
871 4553 1387 4607 verleumderischen
1426 4552 1712 4618 Gertichte,
1750 4551 1960 4606 welche
1999 4552 2274 4622 bezfiglich
2315 4552 2407 4605 der
2443 4550 2822 4605 verwendeten
2850 4552 3106 4605 Summen

583 4644 636 4694 in
655 4641 1019 4696 Deutschland
1046 4640 1297 4694 umliefen
1325 4641 1431 4694 und
1457 4642 1708 4711 ubertrug
1734 4640 1847 4693 ihm
1873 4642 1946 4693 im
1973 4640 2283 4694 November
2306 4641 2440 4704 1284
2459 4639 2594 4692 auch
2618 4638 2701 4691 die
2724 4639 3106 4709 Sammlungen
