3505 5335
406 362 450 434 J.
495 378 512 414 1
528 375 644 432 294.
1572 357 1762 412 Briefe.
2811 362 2836 405 1
2849 343 2885 407 6
2896 360 2926 424 5

1612 513 1746 585 158.

619 639 970 731 (Hermann
1014 664 1132 706 von
1162 640 1445 730 Minden)
1479 639 1758 728 bestc‘itigt
1802 639 2000 706 hochst
2046 662 2279 727 ungern
2325 639 2453 705 und
2480 663 2618 720 nur,
2666 664 2770 705 um
2803 640 2935 706 dem

417 732 506 797 W
500 731 647 797 illen
684 730 887 796 Gottes
932 729 1093 795 nicht
1137 753 1215 815 zu
1261 728 1754 816 widersprechen,
1803 727 1915 793 den
1946 726 2164 793 Lektor
2196 727 2497 809 Iohannes
2541 729 2604 792 in
2637 727 2937 815 Freiburg

407 819 503 884 als
534 819 714 884 Prior
743 816 1023 897 daselbst,
1071 815 1421 905 beauftragt
1453 817 1557 882 ihn
1604 815 1749 881 aber
1781 818 1891 880 mit
1936 815 2042 880 der
2072 814 2512 902 Beibehaltung
2557 816 2657 881 des
2687 814 2934 881 Lektor-

409 919 616 973 amtes.
710 903 882 994 (Um=
927 904 1146 994 1294.)

617 1012 966 1077 Karissimo
1024 1010 1138 1076 sibi
1195 1011 1260 1076 in
1308 1011 1431 1076 Dei
1485 1009 1616 1075 filio
1670 1008 1842 1076 fratri
1889 1007 2227 1098 Io(hanni)
2286 1008 2506 1076 lectori
2561 1008 2763 1075 adhuc
2809 1010 2937 1076 Fri-

407 1100 704 1187 burgensi
750 1099 1008 1166 fratrum
1056 1097 1295 1164 ordinis
1327 1096 1800 1164 Predicatorum
1837 1108 1954 1164 etc.
2035 1098 2109 1163 Et
2141 1095 2363 1163 dolens
2409 1095 2572 1163 facio
2607 1108 2670 1164 et
2699 1097 2934 1169 faciens

409 1187 621 1270 dole0,
669 1186 841 1276 quod
888 1188 1022 1253 sine
1057 1185 1208 1252 dolo
1256 1187 1595 1253 necessitas
1629 1205 1691 1253 et
1723 1185 1951 1252 utilitas
1986 1184 2292 1272 compulit
2322 1183 2700 1251 faciendum.
2766 1186 2936 1252 Nam

407 1287 664 1363 recepto
700 1275 1027 1341 electionis
1068 1293 1274 1341 vestre
1301 1273 1557 1342 decreto
1591 1275 1898 1360 aspiciens
1930 1297 1964 1339 a
1996 1272 2189 1359 longe
2215 1296 2349 1338 non
2381 1274 2577 1360 patuit
2612 1273 2935 1360 effugium,

408 1362 600 1430 abfuit
643 1362 991 1449 refugium,
1047 1381 1116 1428 ut
1160 1386 1419 1450 possem
1468 1361 1764 1443 evadere,
1826 1385 1907 1428 ne
1956 1384 2179 1427 manus
2226 1362 2291 1426 in
2339 1363 2553 1448 ignem
2614 1362 2933 1429 mitterem

408 1451 540 1533 vel,
602 1451 774 1540 quod
822 1449 1093 1517 creditur
1140 1449 1449 1532 acerbiuS,
1511 1451 1573 1516 in
1633 1451 1929 1516 amicum.
2033 1450 2141 1516 Set
2189 1473 2331 1515 cum
2382 1473 2581 1537 nuper
2628 1448 2939 1537 quosdam

409 1541 585 1627 argui
638 1561 1057 1620 memorarer,
1123 1540 1229 1626 qui
1286 1537 1438 1604 dura
1485 1539 1727 1605 cervice
1786 1556 2005 1604 sancto
2068 1538 2309 1624 spiritui
2355 1539 2749 1618 restiterunt,
2812 1537 2936 1604 alas

409 1628 703 1708 submisi,
770 1650 994 1692 manus
1043 1627 1356 1708 continui,
1422 1649 1649 1693 vocem
1712 1627 1907 1713 pressi
1974 1628 2258 1712 cogitans
2306 1626 2430 1692 Dei
2477 1624 2745 1712 digitum
2791 1626 2936 1692 huic

411 1716 588 1804 operi
635 1714 924 1796 affuisse,
986 1737 1114 1802 quo
1162 1713 1426 1782 ductore
1474 1715 1692 1801 previo
1758 1737 1953 1780 omne
2015 1712 2321 1781 devitatur
2380 1715 2679 1795 noxium,
2741 1736 2936 1780 omne

412 1805 708 1870 meritum
742 1801 1109 1883 cumulatur,
1157 1804 1262 1890 qui
1296 1802 1375 1869 de
1407 1801 1605 1889 gradu
1639 1800 1978 1869 doctorum
2011 1814 2294 1888 pastores
2327 1800 2597 1883 ordinat,
2646 1803 2935 1889 quatinus

410 1893 476 1957 in
523 1892 1077 1958 consummatione
1120 1891 1355 1957 Christi
1403 1891 1708 1978 corporis,
1758 1888 1930 1977 quod
1980 1902 2072 1956 est
2119 1890 2401 1970 ecclesia,
2449 1891 2513 1955 in
2544 1890 2751 1956 virum
2798 1913 2937 1977 per·

408 1978 646 2046 fectum
692 1980 919 2065 pariter
964 2001 1368 2045 occurramus
1408 1990 1432 2044 ’.
1484 2032 1497 2043 .
1551 2031 1564 2044 .
1613 1978 1703 2044 Ut
1750 2001 1861 2064 per
1907 2002 2034 2059 me,
2082 1975 2256 2067 quod
2302 1990 2513 2059 restat,
2561 1977 2935 2065 perficiatur,

408 2066 667 2134 fratrum
705 2065 1039 2133 humilibus
1071 2066 1356 2154 precibus
1391 2068 1795 2154 acquiescens
1827 2064 2193 2132 huiusmodi
2225 2064 2519 2133 electioni
2551 2089 2937 2132 consensum

409 2155 644 2242 prebeo
709 2168 771 2222 et
834 2179 978 2221 cum
1025 2156 1171 2221 Deo
1236 2156 1487 2242 auspice
1548 2167 1609 2221 et
1670 2152 2305 2245 auctore‚confirmo
2364 2155 2767 2241 presencium
2827 2177 2939 2243 per

409 2255 722 2311 tenorem.
834 2245 1078 2310 Verum
1144 2267 1224 2309 ne
1289 2254 1641 2310 conventus
1705 2254 1914 2309 vester
1976 2241 2261 2309 doctrine
2340 2242 2618 2309 salutaris
2682 2243 2934 2309 interim

410 2333 669 2421 accipiat
715 2331 1198 2413 detrimentum,
1257 2332 1481 2418 prioris
1539 2353 1650 2419 per
1700 2353 1768 2396 se
1826 2341 1887 2397 et
1942 2329 2194 2396 lectoris
2250 2353 2361 2418 per
2416 2329 2706 2397 accidens
2765 2354 2938 2397 com-

398 2420 627 2508 pleatis
676 2418 955 2486 officium
1006 2421 1173 2485 iuxta
1220 2442 1439 2506 posse,
1503 2418 1710 2486 donec
1756 2419 2089 2485 auctoritas
2148 2419 2349 2484 maior
2397 2420 2557 2484 circa
2605 2419 2729 2485 hoc
2775 2418 2936 2485 aliud

412 2506 758 2575 decreverit
805 2505 1247 2573 ordinandum.
1341 2506 1581 2575 Valete.

620 2683 732 2737 Fol.
777 2695 940 2755 195v.
998 2684 1126 2737 Dass
1166 2684 1259 2737 der
1295 2684 1443 2737 Brief
1473 2701 1581 2738 von
1607 2685 1879 2738 Hermann
1916 2685 1999 2750 ist,
2039 2684 2168 2753 geht
2208 2701 2300 2737 aus
2338 2684 2462 2737 dem
2501 2701 2707 2754 ganzen
2735 2683 2933 2749 Tenor,

411 2772 548 2825 daun
601 2773 727 2825 aber
765 2773 899 2826 auch
947 2791 1038 2826 aus
1087 2772 1181 2825 der
1217 2772 1381 2825 Stelle
1427 2773 1650 2826 hervor:
1699 2774 1872 2826 donec
1920 2773 2202 2826 auctoritas
2254 2773 2425 2826 maior
2477 2773 2613 2826 circa
2649 2774 2753 2826 hoc
2801 2771 2938 2825 aliud

411 2860 718 2916 decreverit.
782 2861 870 2914 An
896 2862 1061 2929 Prior,
1101 2862 1352 2932 Subprior
1390 2861 1496 2914 und
1520 2863 1775 2915 Konvent
1814 2861 2043 2915 schreibt
2070 2861 2311 2914 derselbe
2340 2905 2349 2916 .
2380 2904 2391 2915 .
2422 2905 2434 2916 .
2462 2860 2696 2915 officium
2726 2861 2937 2915 lectoris

410 2950 602 3018 pariter
649 2948 916 3019 expediat,
971 2948 1264 3002 secundum
1312 2950 1452 3020 quod
1500 2951 1636 3003 vires
1685 2958 1971 3020 suppetunt
2011 2953 2072 3002 'et
2125 2949 2439 3003 concedunt.
2514 2949 2669 3003 Unde
2722 2960 2940 3020 pensata

409 3034 676 3088 debilitate
723 3036 802 3088 sui
850 3036 1086 3105 corporis
1142 3036 1304 3105 ipsius
1354 3037 1796 3106 oportunitatibus
1844 3046 1896 3090 et
1946 3037 2246 3091 commodis
2301 3038 2495 3108 largius
2549 3048 2601 3091 et
2647 3039 2938 3108 graciosius

409 3122 706 3176 intendatis,
780 3113 926 3176 Uber
961 3123 1172 3193 Johann
1217 3139 1323 3175 von
1361 3123 1615 3194 Freiburg
1653 3125 1760 3178 und
1806 3125 1952 3177 seine
1990 3124 2253 3178 Schriften
2291 3126 2397 3195 vgl.
2438 3125 2861 3187 Quetif-Echard
2899 3126 2937 3192 1,

417 3224 537 3278 5233
577 3210 807 3263 Histoire
846 3210 1118 3264 Litteraire
1156 3210 1403 3276 XXVIII,
1444 3210 1544 3264 262
1585 3228 1652 3265 ss‚

1616 3366 1746 3436 159.

620 3491 975 3578 Provinzial
1020 3492 1298 3558 Dietrich
1358 3494 1487 3559 tez'lt
1546 3493 1677 3559 dem
1723 3494 1995 3582 frithern
2044 3494 2594 3581 Kardinallegaten
2641 3495 2940 3579 Iohannes

406 3602 524 3645 von
559 3578 885 3645 Tusculum
918 3581 1012 3646 die
1040 3580 1673 3668 Gewaltthc'itigkeiten
1706 3581 1807 3647 des
1836 3583 1925 3647 W
1919 3605 2145 3649 ormser
2176 3583 2452 3662 Bischofs
2477 3607 2667 3670 gegen
2700 3583 2939 3651 Kloster

411 3667 711 3755 Neuburg
756 3671 867 3737 mit
911 3668 1039 3734 und
1083 3668 1249 3734 bittet
1294 3693 1395 3734 um
1444 3668 1715 3758 Abhilfe.
1813 3667 2065 3761 (1294.)

619 3774 1048 3853 Querimonia
1112 3772 1191 3841 de
1246 3774 1562 3842 violentiis
1620 3775 1798 3843 illatis
1856 3787 1919 3843 et
1981 3776 2190 3844 auxilii
2243 3778 2486 3865 petitio,
2581 3776 2938 3845 Venerabili

409 3858 677 3927 domino
726 3875 788 3929 et
832 3863 1200 3930 suavissime
1247 3864 1563 3930 memorie
1609 3863 1955 3931 recolendo
2004 3864 2273 3931 domino
2319 3864 2657 3954 Io(hanni)
2692 3865 2939 3933 Tuscu·

408 3946 553 4015 lano
582 3973 615 4016 e
662 3951 904 4039 iscop0,
939 3949 1252 4033 cardinali,
1285 3950 1610 4039 quondam
1644 3952 1991 4039 apostolice
2022 3952 2188 4019 sedis
2213 3952 2423 4040 legato
2456 3955 2522 4020 in
2542 3953 2937 4036 Alemannia,

407 4034 595 4103 frater
692 4037 1074 4127 h(idericus)
1122 4039 1293 4126 prior
1342 4051 1403 4107 et
1448 4063 1666 4107 servus
1712 4039 1974 4107 fratrum
2022 4041 2260 4108 ordinis
2307 4042 2782 4109 Predicatorum
2829 4065 2941 4131 per

409 4122 886 4192 Theuthoniam
945 4150 1089 4193 cum
1154 4125 1545 4195 subiectione
1607 4128 1828 4196 humili
1889 4142 1951 4196 et
2006 4129 2641 4198 recommendatione
2710 4129 2941 4198 devota

408 4232 695 4280 mentem
742 4226 1159 4301 spontaneam
1223 4214 1299 4281 ad
1359 4217 1669 4284 mandata.
1763 4217 1916 4283 Non
1980 4218 2116 4284 sine
2189 4219 2467 4305 suspiriis
2529 4218 2939 4286 amarioribus

408 4299 759 4368 celsitudini
789 4321 998 4370 vestre
1030 4301 1295 4370 notifico
1335 4303 1566 4371 factum
1601 4304 1997 4387 dolorosum,
2046 4305 2507 4388 scandalosum,
2556 4306 2938 4389 luctuosum,

407 4387 582 4475 quod
629 4390 789 4456 circa
835 4391 1295 4458 monasterium
1340 4392 1514 4459 Novi
1545 4393 1750 4460 Castri
1788 4394 2285 4460 Wormaciensis
2334 4392 2624 4482 dyocesis
2674 4396 2941 4483 contigit

408 4475 526 4541 hiis
574 4475 812 4544 diebus.
905 4479 1369 4546 Monasterium
1431 4480 1745 4568 siquidem
1799 4480 1950 4548 illud
2009 4504 2121 4570 per
2165 4505 2283 4550 vos
2340 4506 2487 4549 cure
2537 4495 2598 4550 et
2643 4483 2940 4569 regimini

405 4564 806 4719 provincialis
837 4565 1251 4634 Theuthonie
1285 4568 1831 4650 commendatum,
1878 4569 2086 4636 donec
2133 4593 2420 4637 summus
2453 4569 2741 4659 pontifex
2774 4572 2941 4638 circa

453 4673 531 4719 oc
565 4651 728 4720 aliud
763 4653 1101 4737 ordinaret,
1141 4677 1222 4721 eo
1256 4654 1429 4744 quod
1462 4679 1659 4744 usque
1691 4656 1770 4723 ad
1803 4657 1962 4724 illius
1995 4659 2303 4745 temporis
2337 4658 2663 4726 articulum
2703 4671 2939 4727 certam
