3505 5335
377 365 421 434 J.
466 376 614 435 1291.
1549 361 1738 415 Briefe.
2794 364 2915 427 159

379 545 512 588 non
544 520 820 588 haberet.
889 520 1190 587 Ceterum
1218 518 1538 586 decernite
1568 520 1901 600 iusticiam,
1947 519 2054 606 qui
2085 517 2369 585 iudicatis
2400 530 2654 599 terram,
2702 530 2912 585 utrum

378 610 619 697 possim
677 620 892 696 petere
940 610 1289 696 impensaS‚
1347 608 1453 695 qui
1498 626 1760 674 vocatus
1822 630 1856 671 a
1911 605 2179 674 domino
2237 611 2434 694 papa¹
2499 607 2581 674 ivi
2637 607 2914 674 Romam

379 699 605 764 iterum
663 694 943 782 crucifigi
999 718 1134 762 non
1196 695 1355 761 meis
1413 693 1736 762 demeritis
1801 706 1896 761 set
1951 693 2218 760 aliorum
2279 695 2588 782 particeps
2643 693 2907 775 futuruS,

347 787 483 873 .qui
548 796 617 852 ut
685 807 934 850 causam
1006 806 1141 849 non
1206 806 1457 849 causam
1521 783 1823 850 habentes
1888 781 2030 848 illuc
2098 781 2177 848 de
2247 781 2507 868 singulis
2570 783 2912 869 provinciis

377 884 796 939 accesserunt.
889 872 1142 937 Horum
1189 872 1384 958 gratia
1431 894 1630 959 usque
1677 869 1755 936 ad
1802 883 2083 937 mortem
2128 869 2508 956 periclitatus
2556 893 2719 951 sum,
2765 869 2911 937 licet

377 961 649 1028 lavarem
697 961 860 1026 inter
905 960 1282 1025 innocentes
1328 982 1552 1025 manus
1585 982 1760 1025 meas
1807 980 1993 1045 super
2039 958 2184 1038 hoc,
2233 957 2407 1046 quod
2453 956 2704 1045 papales
2753 981 2913 1025 nun-

376 1050 501 1115 tios
548 1049 675 1115 suis
721 1047 1001 1134 epistolis
1048 1070 1183 1112 non
1229 1047 1484 1133 privavi.
1556 1047 1620 1112 Si
1665 1069 1884 1133 preces
1934 1047 2204 1198 equitate
2252 1069 2385 1111 non
2433 1047 2739 1127 nituntur,
2789 1069 2909 1113 nec

379 1156 530 1223 peto
593 1159 711 1202 nec
772 1146 1015 1222 repeto,
1127 1134 1235 1201 Set
1297 1135 1430 1201 iure
1496 1135 1828 1200 communi
1892 1134 2154 1200 eccesie
2217 1134 2573 1215 canonicis,
2649 1133 2914 1200 cenobia

381 1223 709 1291 monachis
735 1222 813 1289 ad
841 1223 1076 1288 curiam
1102 1221 1475 1309 profecturis
1507 1233 1804 1289 tenentur
1836 1223 1896 1286 in
1927 1221 2278 1307 sumptibus
2309 1220 2663 1308 providere.
2713 1222 2913 1301 Quod

380 1314 431 1376 si
477 1334 611 1377 non
644 1311 974 1397 recipiatur
1018 1312 1399 1397 parangariis
1432 1309 1861 1396 corporalibus
1911 1328 1972 1376 et
2017 1310 2285 1395 angariis
2325 1308 2588 1375 realibus
2618 1322 2914 1376 vacuatus

378 1399 456 1466 ad
503 1400 760 1486 negotia
804 1396 1031 1464 similia
1074 1397 1175 1465 vel
1222 1396 1542 1463 dissimilia
1587 1399 1859 1484 reperiar
1908 1396 2244 1463 indevotus
2296 1450 2308 1462 .
2361 1450 2373 1463 .
2427 1450 2440 1462 .
2489 1396 2733 1464 Valete.

597 1583 614 1611 ¹
652 1592 846 1644 papam
885 1575 987 1627 HS.

592 1732 705 1785 Fol.
738 1733 904 1800 187V.
961 1730 1064 1784 Die
1094 1730 1390 1800 Datierung
1428 1732 1493 1783 ist
1530 1730 1676 1783 nicht
1715 1730 1893 1784 leicht.
1955 1731 2067 1783 Der
2104 1731 2315 1783 schwer
2354 1730 2743 1784 verstiindliche
2773 1730 2924 1783 Bries

381 1819 519 1873 muss
557 1820 694 1873 nach
732 1818 825 1871 der
863 1817 1267 1888 Niederlegung
1306 1818 1399 1871 des
1429 1818 1841 1871 Provinzialates
1880 1818 2045 1871 durch
2083 1819 2354 1872 Hermann
2393 1819 2744 1889 geschrieben
2783 1819 2913 1883 sein,

382 1909 550 1961 schon
589 1908 762 1960 seiner
789 1905 1032 1975 Stellung
1070 1907 1224 1971 nach,
1264 1906 1402 1958 dann
1440 1906 1563 1959 weil
1605 1905 1688 1958 die
1726 1906 2105 1976 Bezeichnung
2144 1906 2477 1976 provincialis
2517 1907 2649 1960 fehlt
2689 1905 2792 1959 und
2831 1905 2915 1958 die

381 1996 543 2049 Stelle
595 1996 725 2048 iiber
771 1994 854 2047 die
901 1994 1183 2047 Romreise
1230 1994 1325 2046 auf
1365 1994 1449 2047 die
1488 1994 1855 2047 Verhiiltnisse
1901 1994 1985 2047 bei
2033 1994 2124 2047 der
2160 1994 2496 2065 Abdankung
2533 1996 2746 2048 Munios
2797 1994 2914 2046 hin-

382 2085 599 2137 weisen.
680 2073 828 2136 Uber
877 2081 960 2135 die
1008 2081 1385 2151 Entwendung
1432 2081 1755 2152 papstlicher
1803 2082 1977 2135 Briefe
2030 2082 2136 2135 und
2182 2083 2312 2135 iiber
2360 2082 2461 2136 den
2510 2083 2718 2135 Besuch
2769 2084 2915 2135 eines

383 2177 595 2242 spatern
621 2170 860 2241 Kapitels
888 2171 953 2223 ist
990 2169 1164 2222 nichts
1191 2169 1437 2223 bekannt.
1495 2168 1643 2223 Oder
1679 2169 1810 2239 liegt
1837 2171 1888 2222 in
1928 2169 2049 2223 dem
2091 2179 2266 2224 ersten
2295 2171 2462 2236 Satze,
2504 2170 2615 2223 dass
2643 2171 2916 2223 Hermann

380 2259 542 2313 selbst
580 2277 666 2312 am
706 2257 915 2311 Besuch
954 2258 1100 2310 eines
1140 2257 1594 2327 Generalkapitels
1633 2257 1938 2310 verhindert
1977 2259 2122 2310 war?

1598 2464 1732 2535 149.

594 2610 715 2675 Die
764 2608 1134 2676 Schwestern
1180 2632 1296 2675 von
1346 2608 1607 2675 Kolmar
1653 2607 1975 2697 begriissen
2025 2608 2136 2674 den
2184 2632 2372 2674 neuen
2428 2605 2919 2694 Ordensgeneral

385 2695 740 2789 (Stephan),
799 2697 1056 2786 erhoffen
1111 2700 1312 2763 seinen
1369 2697 1600 2762 Besuch
1658 2698 1788 2762 und
1848 2697 2182 2786 empfehlen
2241 2697 2362 2762 ihm.
2421 2697 2745 2762 Hermann
2800 2718 2916 2762 von

383 2787 655 2866 Minden,
702 2786 808 2851 der
854 2788 963 2851 mit
1009 2786 1133 2851 ihm
1181 2787 1309 2850 eine
1340 2784 1811 2872 Angelegenheit
1855 2786 2012 2851 ihres
2045 2784 2313 2851 Klosters
2358 2783 2732 2850 verbandeln
2778 2783 2914 2848 soll.

384 2871 672 2960 (Anfang
722 2873 941 2963 1294.)

591 2978 985 3044 Venerabilis
1019 2996 1138 3044 etc.
1207 2978 1474 3043 Sorores
1509 2977 2044 3045 Columbarenses
2078 2980 2383 3065 magistro
2419 2976 2679 3043 ordinis,
2748 2977 2915 3044 Cum

382 3064 712 3133 reverendi
756 3067 946 3151 patris
994 3066 1277 3150 magistri
1309 3062 1634 3151 quondam
1684 3066 1924 3131 ordinis
1957 3064 2292 3131 Humberti
2339 3067 2688 3146 veritatem,
2741 3088 2918 3130 man-

382 3151 784 3219 suetudinem
833 3164 893 3218 et
941 3152 1248 3217 iusticiam
1295 3149 1704 3218 recordamur
1752 3165 1813 3218 et
1860 3164 2117 3239 paterne
2166 3152 2442 3234 dextere,
2491 3176 2610 3241 qua
2660 3150 2916 3219 deduxit

382 3238 766 3306 laudabiliter
826 3238 1122 3305 ordinem
1187 3258 1248 3305 et
1315 3237 1567 3320 direxit,
1628 3262 1874 3327 nosque
1936 3239 2205 3306 humiles
2267 3262 2597 3306 servorum
2654 3261 2916 3305 suorum

383 3326 634 3394 ancillas
699 3326 856 3394 fovit
917 3326 1319 3413 benignitatis
1377 3349 1488 3392 sue
1552 3325 1859 3413 presidio,
1922 3326 2185 3393 redivivi
2243 3327 2541 3392 nimirum
2607 3328 2670 3391 in
2733 3325 2918 3392 nobis

383 3417 657 3501 gemitus
713 3416 1090 3481 suscitantur
1145 3415 1536 3501 cupientibus
1584 3413 1696 3480 sub
1746 3414 1965 3480 umbra
2024 3414 2182 3480 illius
2230 3415 2293 3479 in
2342 3414 2633 3500 gentibus
2680 3415 2914 3495 vivere,

382 3505 434 3568 si
493 3515 712 3570 auctor
757 3504 884 3569 vite
941 3502 1275 3581 voluisset,
1333 3503 1536 3588 ipsum
1597 3501 1838 3568 diucius
1885 3504 1974 3569 sic
2032 3525 2307 3569 manere.
2402 3502 2510 3569 Set
2566 3504 2689 3567 iam
2746 3521 2919 3587 grata

385 3590 567 3657 nobis
613 3591 813 3657 arrisit
860 3592 1332 3677 compensaciO,
1381 3613 1525 3656 cum
1560 3613 1747 3677 super
1794 3614 1914 3657 nos
1956 3605 2015 3657 et
2048 3614 2235 3677 super
2282 3614 2349 3656 se
2383 3591 2553 3677 ipsos
2599 3591 2917 3656 invocavit

383 3681 752 3745 universitas
783 3677 1256 3745 Predicatorum
1307 3701 1551 3744 nomen
1584 3690 1886 3760 vestrum,
1935 3678 2108 3767 quod
2153 3680 2631 3765 interpretatum
2665 3678 2730 3743 in
2778 3678 2917 3764 ipso

387 3766 710 3833 electionis
770 3767 1048 3853 auspicio
1111 3788 1406 3832 normam
1513 3766 1723 3833 retulit
1785 3780 1846 3834 et
1915 3790 2253 3847 coronam,
2319 3788 2591 3854 quorum
2652 3765 2918 3832 alterum

384 3854 759 3921 subiectioni
791 3855 1032 3935 militat,
1067 3853 1329 3920 alterum
1363 3789 1703 3941 prelhcioni
1730 3877 1862 3920 non
1888 3856 2206 3941 inproprie
2238 3878 2306 3921 se
2326 3865 2592 3940 coaptat.
2640 3853 2918 3920 Proinde

386 3965 528 4006 cum
578 3941 812 4008 auditui
859 3954 1082 4008 nostro
1117 3941 1367 4009 daretur
1413 3941 1712 4029 gaudium
1755 3962 1816 4009 et
1864 3942 2086 4023 leticia,
2138 3965 2215 4008 eo
2265 3940 2437 4030 quod
2485 3943 2545 4006 in
2581 3941 2918 4007 Theutho-

384 4030 554 4094 niam
600 4031 931 4096 transitum
965 4031 1227 4182 Χειῑεττίε,
1274 4031 1337 4095 in
1373 4053 1707 4096 occursum
1756 4032 1946 4116 patris
1978 4030 2160 4096 alacri
2208 4052 2620 4117 properamus
2669 4029 2916 4109 affectu,

383 4115 705 4183 tenacibus
736 4117 917 4183 vobis
1009 4115 1424 4183 esideriorum
1473 4118 1761 4184 manibus
1805 4118 2187 4198 inherentes,
2236 4117 2445 4184 donec
2492 4116 2677 4183 nobis
2711 4115 2917 4183 domi-

386 4227 504 4270 nus
562 4204 641 4271 ad
685 4216 968 4271 vestrum
1026 4206 1356 4272 introitum
1415 4204 1744 4272 benedicat
1803 4218 1863 4272 et
1920 4217 2234 4292 oportuna
2291 4205 2519 4271 solacia
2579 4205 2917 4292 capiamu3‚

427 4316 506 4358 ue
563 4291 946 4378 regularibus
992 4291 1404 4379 professionis
1466 4295 1782 4380 pascimur
1847 4295 1908 4358 in
1972 4294 2272 4360 cathenis.
2364 4293 2495 4359 Iam
2545 4314 2740 4359 nemo
2798 4314 2919 4357 nos

386 4316 705 4466 despiciat,
753 4403 950 4446 nemo
997 4379 1304 4446 molestus
1352 4379 1488 4461 fiat,
1552 4404 1670 4447 nec
1717 4382 2037 4466 agnicioni
2084 4401 2305 4447 mutue
2355 4382 2638 4447 curiosus
2687 4403 2755 4445 se
2802 4380 2919 4444 im-

385 4468 644 4534 misceat
700 4467 1092 4554 explorator,
1157 4480 1263 4534 aut
1330 4468 1573 4534 emulus
1639 4468 1916 4535 invideat
1973 4467 2280 4555 dignitati.
2386 4468 2526 4535 Nos
2583 4469 2919 4534 memorati

386 4555 574 4640 patris
609 4553 902 4622 derelicta
946 4554 1200 4636 familia,
1256 4579 1377 4621 nos
1423 4555 1546 4622 ado
1591 4558 1786 4623 tionis
1820 4556 2207 4644 compendio
2254 4555 2465 4643 proles
2510 4575 2745 4637 vestra,
2793 4554 2919 4621 filie

384 4643 575 4728 igitur
622 4640 699 4708 de
762 4642 956 4729 longe
1015 4645 1302 4725 veniant,
1368 4642 1493 4710 filie
1587 4667 1619 4710 e
1666 4643 1857 4711 latere
1919 4657 2206 4730 surgant:
2267 4644 2462 4710 multe
2527 4663 2921 4730 congregant
