3505 5335
584 318 607 361 Ι
621 300 701 363 62
1741 313 1929 367 Briefe.
2863 314 2907 384 J.
2954 326 3102 383 1294.

575 496 695 541 nec
741 473 915 538 sexui
961 495 1080 538 nec
1127 471 1419 558 religioni
1465 470 1743 539 deferre?
1828 472 2073 538 Siccine
2121 473 2294 559 quasi
2342 471 2542 538 modo
2588 473 2786 558 geniti
2832 467 3104 538 infantes

578 574 639 629 et
684 559 1069 627 miserabiles
1131 582 1404 647 persone
1452 562 1849 647 exponimur.
1945 561 2187 626 Votum
2237 572 2299 626 et
2359 560 2791 627 iusiurandum
2835 560 3106 646 prevari-

577 650 701 716 cari
733 648 1190 736 compellimur.
1259 649 1400 715 Iure
1432 649 1606 736 quasi
1653 659 1797 715 aere
1832 649 2163 715 communi
2207 646 2325 714 frui
2358 672 2492 714 non
2539 649 2823 715 sinimur.
2892 646 3104 715 Liber-

574 749 702 820 taS,
767 737 1016 824 spiritus
1081 734 1392 803 adimitur.
1509 736 1895 803 Obedientia
1955 735 2198 802 mundo
2260 736 2628 803 venerabilis
2694 735 3103 824 depreciatur.

574 826 650 891 Et
698 822 870 913 quod
919 824 1234 891 malorum
1280 847 1530 891 summa
1576 836 1698 907 est,
1750 826 1947 891 virtus
1994 823 2068 891 ab
2117 825 2264 906 hiis,
2330 826 2465 912 qui,
2527 848 2649 912 que
2696 847 2804 890 sua
2851 836 2997 890 sunt
3043 836 3105 890 et

576 936 710 980 non
757 936 878 1001 que
910 913 1097 980 Ihesu
1131 912 1387 989 Christi,
1436 914 1769 1001 queritant,
1818 911 2176 979 suffocatur.
2257 913 2664 1000 Quapropter
2695 924 2887 979 testes
2919 934 3104 998 super

576 1024 696 1067 nos
745 1000 951 1068 celum
998 1020 1063 1067 et
1107 1013 1370 1082 terram,
1419 999 1591 1088 quod
1637 1002 1867 1068 iniuste
1913 999 2266 1088 perdimur,
2324 1002 2714 1067 invocamus
2809 999 2985 1079 Quid
3040 1001 3105 1065 in

575 1091 809 1156 nostris
869 1088 1104 1156 actibus
1158 1090 1504 1170 invenitur,
1565 1087 1739 1177 quod
1799 1090 1864 1155 in
1921 1087 2231 1176 prioribus
2288 1087 2512 1155 seculis
2574 1090 2756 1154 omni
2812 1087 3103 1175 religioni

575 1200 709 1244 non
756 1175 871 1244 fuit
902 1175 1253 1245 indultum?
1324 1177 1605 1244 Persone
1640 1176 2057 1244 ecclesiastice
2091 1177 2277 1244 etiam
2328 1200 2480 1243 non*
2509 1178 2810 1264 requisito
2844 1177 3103 1263 proprio

574 1266 850 1333 antistite
898 1264 975 1332 ad
1019 1264 1401 1352 religionem
1433 1264 1653 1332 crebro
1700 1266 1963 1332 transire
1996 1277 2362 1332 noscuntur.
2445 1265 2757 1332 Canonici
2789 1263 3105 1350 regulares

574 1376 708 1420 non
757 1352 1046 1420 obstante
1079 1352 1580 1421 contradictione
1627 1353 1919 1442 qualibet,
1967 1376 2177 1419 scema
2223 1354 2469 1441 rapiunt
2516 1352 2984 1419 monachorum
3023 1350 3101 1418 de

576 1442 811 1509 minori
857 1441 935 1508 ad
981 1442 1323 1524 maiorem;
1385 1440 1462 1509 de
1509 1441 1743 1508 laxiore
1806 1441 1884 1508 ad
1929 1442 2260 1522 artiorem,
2317 1442 2511 1528 petita
2558 1453 2621 1507 et
2666 1463 2800 1506 non
2848 1439 3107 1506 obtenta

573 1529 841 1612 licentia,
888 1553 1076 1618 quam
1122 1528 1373 1616 plurimi
1419 1531 1865 1616 migraverunt.
1935 1529 2024 1594 Ex
2072 1527 2460 1616 indulgentia
2505 1530 2655 1594 iuris
2702 1552 2824 1594 una
2872 1527 3103 1594 domus

574 1616 869 1706 religiosa
921 1629 1133 1704 potest
1191 1641 1258 1684 se
1306 1617 1480 1685 alteri
1526 1617 1809 1684 subicere
1867 1617 1945 1684 de
2002 1639 2318 1684 consensu
2377 1617 2717 1705 superioris
2779 1629 2841 1683 et
2898 1615 3105 1682 eidem

576 1707 758 1773 uniri.
867 1706 1178 1772 Personas
1240 1717 1449 1773 autem
1514 1729 1656 1772 suas
1718 1718 1986 1793 possunt
2050 1704 2315 1771 aliorum
2390 1705 2743 1772 auctoritati
2802 1703 3106 1785 subicere,

577 1793 1002 1883 superioribus
1049 1795 1442 1881 irrequisitis:
1502 1794 1687 1861 Extra
1735 1792 1812 1861 de
1859 1794 2010 1875 hiis,
2073 1817 2193 1881 que
2240 1795 2302 1861 vi
2362 1812 2650 1860 metusve
2699 1816 2882 1860 causa
2926 1791 3104 1858 fiunt.

577 1883 747 1950 Cum
794 1879 1055 1948 dilectus
1103 1886 1253 1949 etc.1
1335 1881 1646 1964 Obicitur,
1695 1880 1867 1970 quod
1900 1882 2140 1968 legatus
2188 1904 2320 1948 non
2353 1882 2630 1969 potuerit
2674 1879 2899 1961 facere,
2949 1903 3103 1965 ergo

577 1992 713 2037 non
758 1971 962 2058 potuit
1008 1968 1297 2058 supplere
1344 1968 1798 2057 negligentiam
1845 1969 2252 2057 prelatorum,
2299 1972 2403 2058 qui
2442 1992 2563 2035 nos
2609 1992 2721 2056 per
2766 1980 2865 2035 tot
2908 1990 3106 2035 anno-

579 2082 722 2124 rum
770 2057 1070 2125 curricula
1125 2056 1510 2146 reliquerunt
1573 2056 1805 2146 absque
1862 2070 2184 2145 pastorum
2247 2057 2659 2145 spiritualium
2716 2054 3107 2143 providentia

579 2148 640 2211 in
700 2168 932 2212 errore.
1025 2146 1267 2232 Legato
1329 2170 1463 2212 non
1519 2146 1719 2224 licuit,
1788 2168 1943 2233 ergo
2001 2144 2420 2212 secundarum
2477 2144 2721 2211 sedium
2779 2143 3108 2211 ordinariis

578 2234 791 2300 minor
836 2232 978 2300 fuit!
1049 2234 1292 2320 Legato
1330 2257 1464 2300 non
1511 2232 1702 2315 licuit,
1752 2256 1907 2320 ergo
1941 2235 2219 2300 vacantia
2269 2232 2475 2299 officia
2510 2246 2570 2300 et
2619 2231 2923 2300 beneficia
2956 2254 3108 2298 con-

578 2320 738 2388 ferre
786 2345 921 2388 non
970 2320 1202 2388 debuit.
1294 2322 1534 2408 Legato
1582 2345 1715 2388 non
1765 2321 1956 2403 licuit,
2005 2345 2159 2408 ergo
2209 2323 2437 2387 missus
2484 2345 2616 2387 non
2665 2319 2809 2403 fuit,
2867 2332 2934 2387 ut
2982 2318 3109 2386 edi-

578 2408 814 2491 ficaret,
864 2408 1232 2491 destrueret,
1282 2409 1621 2478 eradicaret
1653 2423 1713 2477 et
1745 2409 2070 2497 plantaret,
2120 2411 2293 2476 cuius
2328 2411 2711 2476 contrarium
2761 2407 3108 2496 apostolice

579 2497 781 2565 littere
838 2497 997 2564 lecte
1059 2499 1122 2562 in
1172 2499 1411 2565 cunctis
1460 2497 1737 2565 ecclesiis
1785 2496 2186 2565 testabantur.
2253 2498 2775 2565 ,Restitutionem
2827 2519 2981 2583 ergo
3045 2497 3107 2561 in

579 2587 893 2673 integrum
953 2586 1342 2673 postulantes
1389 2585 1801 2673 appellamus,
1851 2609 2274 2673 provocamus
2322 2598 2384 2652 et
2431 2587 2620 2652 etiam
2667 2585 3107 2673 supplicamuS,

580 2675 630 2748 si
676 2687 891 2741 tamen
941 2674 1356 2761 appellatione
1406 2697 1565 2761 opus
1614 2688 1734 2757 est,
1801 2698 1879 2740 eo
1928 2674 2100 2762 quod
2162 2674 2341 2761 legali
2391 2673 2788 2760 providentia
2837 2672 3106 2761 quedam

579 2763 716 2827 sine
762 2762 1178 2849 appellatione
1211 2763 1523 2828 sententie
1558 2762 2016 2843 rescinduntur,
2067 2775 2128 2829 et
2165 2764 2332 2829 iuxta
2366 2764 2700 2828 canonicas
2748 2762 3107 2828 sanctiones

580 2851 926 2931 sententia,
975 2874 1096 2938 que
1144 2849 1600 2917 intolerabilem
1650 2873 1930 2917 errorem
1981 2852 2295 2932 continet,
2356 2850 2581 2917 nullius
2631 2870 2724 2917 est
2770 2850 3107 2915 momenti.

579 2939 812 3004 Actum
875 2938 1322 3025 Nt‘iwenburg,
1389 2962 1559 3004 anno
1626 2939 1873 3006 domini
1918 2937 2532 3020 M⁰.CC⁰.XCIHI⁰.,
2638 2935 2985 3004 resentibus
3048 2949 3109 3003 et

580 3025 778 3113 sigilla
824 3049 932 3092 sua
992 3049 1068 3113 ap
1117 3026 1455 3094 onentibus
1514 3025 1876 3094 reverendis
1933 3025 2208 3114 patribus
2265 3024 2550 3092 fratribus
2658 3026 2836 3092 orico
2898 3025 3108 3113 priore

579 3114 877 3201 Spirensi,
925 3049 1372 3203 Herfmanno)
1407 3113 1485 3181 de
1517 3115 1758 3197 Minda,
1794 3115 2155 3181 Wernhero
2203 3115 2530 3202 suppriore
2565 3133 2626 3181 et
2658 3111 3106 3201 Her(manno)

581 3200 817 3274 lectore
866 3202 1346 3284 Wormatiensi,
1395 3200 1633 3269 ordinis
1679 3202 1938 3270 fratrum
1987 3200 2479 3269 Predicatorum.

790 3369 807 3398 ¹
846 3360 1111 3414 Decretal.
1152 3360 1314 3431 Greg.
1354 3362 1445 3415 IX.
1487 3361 1571 3415 lib.
1610 3362 1648 3415 Ι.
1688 3364 1765 3416 tit.
1805 3376 1887 3425 4ο.
1930 3380 1972 3414 c.
2013 3360 2061 3414 6.

792 3483 903 3538 Fol.
937 3496 1094 3555 191V.
1160 3484 1261 3537 Die
1291 3474 1665 3554 Ubertragung
1704 3502 1769 3537 an
1809 3484 1909 3537 den
1936 3482 2487 3536 Dominikanerorden
2525 3483 2670 3536 hatte
2710 3483 3108 3552 stattgefunden

523 3582 526 3585 ’
581 3590 665 3625 am
699 3589 741 3625 1.
764 3572 870 3625 Mai
896 3573 1044 3641 1287.
1086 3572 1355 3625 Hermann
1382 3589 1489 3625 von
1508 3571 1726 3625 Minden
1754 3573 2031 3642 gewae‘ihrte
2058 3571 2160 3624 den
2182 3571 2524 3625 Schwestern
2549 3571 2628 3623 bis
2657 3590 2721 3625 zu
2747 3572 2922 3625 einem
2951 3571 3109 3641 Jahre

579 3659 730 3726 Frist,
770 3678 857 3713 um
899 3661 1010 3713 sich
1038 3678 1104 3713 an
1143 3661 1224 3713 die
1264 3677 1435 3713 neuen
1465 3660 1829 3713 Verhaltnisse
1870 3679 1931 3713 zu
1962 3661 2297 3730 gewohnen:
2338 3660 2602 3721 Quamvis
2643 3677 2740 3713 vos
2781 3661 2923 3713 iuxta
2959 3676 3108 3712 man-

581 3747 762 3801 datum
787 3748 1099 3802 venerabilis
1127 3748 1326 3801 domini
1352 3749 1603 3810 Iohannis
1630 3747 1917 3801 Tusculani
1949 3749 2202 3819 episcopi,
2242 3747 2535 3819 apostolice
2563 3747 2703 3801 sedis
2734 3747 2912 3818 legati,
2953 3763 3109 3817 regu-

580 3835 686 3889 lam
726 3837 864 3889 beati
890 3837 1173 3906 Augustini
1211 3846 1262 3889 et
1303 3837 1718 3889 constituciones
1758 3853 2004 3889 sororum
2043 3836 2210 3889 sancti
2248 3836 2397 3907 Syxti
2434 3836 2499 3888 de
2528 3836 2674 3889 Urbe
2714 3836 3109 3907 acceptaveritis

581 3924 936 3990 observanda,
976 3924 1126 3977 vobis
1166 3933 1345 3977 tamen
1384 3925 1434 3976 in
1473 3925 1602 3991 hoc,
1654 3941 1722 3977 ne
1762 3925 2058 3995 precipitari
2096 3924 2403 3991 videamini,
2444 3924 2564 3977 duxi
2604 3923 2893 3978 consultius
2932 3924 3108 3995 provi-

581 4011 837 4078 dendum,
887 4010 1159 4077 ordinanS,
1208 4011 1520 4082 dispensans
1567 4014 1758 4083 pariter
1796 4022 1848 4065 et
1897 4012 2224 4078 concedenS,
2274 4012 2439 4083 quod,
2491 4029 2655 4083 usque
2703 4011 2828 4065 dum
2873 4012 3110 4065 habitum

582 4100 957 4170 premissarum
1009 4117 1254 4153 sororum
1291 4102 1706 4170 assumpseritis,
1757 4118 1930 4171 neque
1978 4101 2043 4154 ad
2082 4100 2321 4170 regulam
2371 4116 2544 4170 neque
2584 4100 2650 4152 ad
2696 4101 3110 4153 constituciones

581 4190 865 4259 premissas
902 4189 1012 4241 sitis
1050 4188 1341 4259 aliqualiter
1366 4188 1617 4259 obligate,
1656 4198 1736 4241 set
1777 4189 1871 4242 sub
1898 4188 2208 4241 obediencia
2234 4198 2408 4242 vestre
2446 4188 2707 4241 abbatisse
2734 4205 2855 4241 cum
2881 4188 3111 4257 pristinis

583 4276 907 4347 regularibus
947 4277 1301 4330 observanciis
1342 4278 1474 4330 sicut
1512 4278 1768 4330 hactenus
1806 4278 2064 4331 maneatis
2093 4320 2104 4332 .
2134 4319 2143 4330 .
2175 4320 2186 4331 .
2215 4277 2287 4329 So
2325 4278 2377 4330 in
2416 4278 2563 4329 einer
2600 4277 2701 4330 HS.
2742 4276 2834 4329 des
2865 4278 3110 4339 Domini-

583 4366 957 4431 kanerordenS,
985 4365 1069 4418 die
1094 4366 1182 4419 ich
1209 4384 1306 4419 vor
1333 4367 1545 4435 einigen
1562 4366 1761 4436 Jahren
1785 4366 1950 4419 durch
1976 4366 2059 4419 die
2080 4366 2221 4419 Gute
2248 4365 2342 4418 des
2361 4365 2799 4419 Unterarchivars
2820 4355 2877 4418 P'.
2901 4364 3110 4418 Denifle

584 4454 637 4506 in
663 4454 805 4506 Rom
832 4453 915 4506 fiir
939 4454 1094 4506 kurze
1121 4454 1229 4508 Zeit
1257 4453 1512 4507 einsehen
1537 4454 1752 4521 konnte,
1793 4453 1883 4507 fol.
1916 4469 2029 4523 173.
2082 4455 2152 4507 Es
2179 4453 2320 4507 steht
2344 4453 2459 4507 hier
2484 4452 2767 4523 allerdings
2794 4450 3113 4523 Nt'irenberg

586 4542 787 4595 ebenso
827 4541 918 4596 fol.
952 4557 1065 4610 171,
1093 4541 1187 4595 auf
1206 4542 1299 4595 der
1326 4541 1616 4612 folgenden
1643 4543 1787 4595 Seite
1825 4543 1950 4595 aber
1978 4542 2068 4595 das
2095 4543 2358 4611 Richtige.
2387 4571 2449 4580 -—
2479 4541 2611 4594 Eine
2637 4539 2833 4605 andere
2857 4539 3110 4610 Appella-

583 4632 695 4683 tion
722 4631 850 4700 geht
878 4631 929 4683 in
957 4648 1173 4684 unserer
1200 4632 1300 4684 HS.
1329 4632 1497 4683 schon
1523 4631 1732 4696 vorher,
1773 4630 1863 4684 fol.
1895 4646 2008 4701 191,
2048 4631 2219 4683 worin
2245 4646 2302 4683 es
2342 4647 2428 4683 arn
2455 4627 2661 4683 Schluss
2688 4627 2869 4682 heisst:
2911 4627 3112 4681 Contra
