3505 5335
388 368 432 440 J.
476 386 494 422 1
508 383 623 441 294.
1560 366 1748 423 Briefe.
2800 377 2823 418 1
2837 358 2913 439 63

389 546 517 583 vero
555 545 808 600 personas
848 529 997 582 vobis
1026 529 1240 598 (episc.)
1278 528 1589 581 obedientes
1629 537 1680 582 et
1720 527 2004 581 claustrum
2043 537 2286 582 nostrum
2324 529 2482 582 armis
2511 537 2562 582 et
2601 529 2918 584 clamoribus

389 617 698 671 infestantes
738 626 789 670 et
829 626 1010 670 contra
1050 616 1304 687 quasdam
1350 616 1770 686 pseudosorores
1809 625 2044 682 nostras,
2094 633 2195 687 que
2233 617 2454 687 vipereo
2493 633 2644 671 more
2681 626 2921 672 materna

389 705 591 758 viscera
627 704 920 759 lacerantes
960 713 1142 757 contra
1183 705 1452 775 propriam
1477 703 1760 757 ecclesiam
1798 703 2117 757 secularibus
2155 704 2590 758 tumultuantibus
2629 707 2919 772 astiterunt,

390 777 606 863 propter
643 793 785 864 quod
821 793 916 859 ius,
957 792 1099 864 quod
1135 793 1331 846 habere
1369 800 1614 863 poterant
1652 793 1706 844 in
1734 791 1975 859 ecclesia,
2015 792 2368 864 perdiderunt,
2409 793 2650 847 similiter
2687 793 2920 864 appella-

390 898 507 934 mus
547 892 599 935 et
636 880 912 951 apostolos
951 882 1179 951 petimus
1207 923 1218 934 .
1247 924 1257 934 .
1288 923 1298 935 .
1326 869 1473 934 Uber
1510 878 1593 933 die
1622 880 1987 949 Verwiistung
2024 879 2118 933 des
2143 879 2387 933 Klosters
2425 880 2533 951 vgl.
2561 889 2739 935 unten.
2800 881 2922 935 Wie

391 986 482 1022 aus
523 971 699 1022 einem
728 968 1034 1024 Trostbrief
1063 969 1361 1021 Hermanns
1402 986 1508 1021 von
1544 967 1760 1021 Minden
1800 969 1915 1021 sich
1954 969 2173 1038 ergiebt,
2212 975 2430 1022 stammt
2469 967 2553 1022 die
2578 969 2920 1040 Appellation

392 1056 833 1111 wahrscheinlich
881 1074 988 1110 von
1037 1057 1164 1111 ihm.
1247 1057 1378 1109 Eine
1426 1057 1915 1110 charakteristische
1963 1056 2125 1110 Stelle
2185 1057 2279 1110 des
2326 1056 2528 1110 Briefes
2575 1057 2767 1111 lautet:
2816 1058 2921 1112 Ubi

391 1163 529 1198 nunc
569 1154 648 1198 est
685 1146 934 1198 maiestas
961 1145 1261 1216 imperialiS,
1302 1162 1402 1216 que
1428 1161 1617 1216 pacem
1655 1146 1939 1215 provinciis
1964 1145 2145 1198 vallari
2183 1155 2554 1214 procuraverat
2581 1147 2922 1200 iuramentis?

393 1233 546 1286 Nunc
584 1233 700 1285 loca
740 1250 888 1286 sacra
928 1242 1047 1286 sunt
1087 1233 1270 1303 privati
1311 1249 1565 1287 carceres.

1596 1372 1728 1442 155.

603 1480 737 1545 Der
801 1477 1291 1565 Ordensgeneral
1348 1492 1627 1565 gestattet
1686 1481 1876 1545 einem
1935 1479 2390 1546 Baccalaureus
2445 1480 2551 1546 der
2608 1479 2923 1546 deutschen

395 1567 658 1653 Provinz
701 1570 766 1632 in
813 1567 994 1632 Paris
1037 1567 1162 1633 sich
1210 1569 1377 1632 einen
1430 1567 1633 1634 Socius
1678 1591 1758 1654 zu
1802 1568 2065 1633 wtihlen.
2160 1564 2316 1655 (Um
2370 1566 2587 1658 1294.)

604 1672 907 1759 Magister
954 1671 1192 1738 ordinis
1238 1671 1589 1739 bachelario
1638 1673 1990 1739 Parisiensi.
2084 1672 2323 1740 Prelata
2377 1674 2652 1740 scientiis
2701 1674 2924 1741 ceteris

396 1782 513 1825 nec
561 1760 883 1826 immerito
941 1759 1270 1846 theologie
1328 1759 1631 1828 facultatis
1680 1761 1997 1843 doctrina,
2058 1784 2180 1848 que
2227 1784 2294 1827 se
2342 1760 2683 1828 docentem
2745 1773 2924 1829 tanto

396 1849 596 1933 magis
644 1848 837 1913 totius
883 1846 1112 1914 favoris
1158 1849 1556 1934 graciositate
1604 1848 2120 1937 prosequendum
2154 1849 2434 1936 insignit,
2482 1868 2718 1937 quanto
2759 1850 2947 1916 circa‘
2999 1877 3002 1881 ·

397 1947 652 2001 cunctas
700 1936 1125 2003 ministrantes
1173 1935 1605 2025 subiectasque
1650 1937 1767 2003 sibi
1812 1938 2102 2004 scientias
2148 1938 2356 2024 ipsum
2403 1960 2565 2024 opus
2611 1936 2690 2003 ad
2737 1936 2924 2003 eluci-

397 2021 667 2090 dandam
715 2025 1159 2111 scripturarum
1203 2026 1529 2091 veritatem
1574 2026 1870 2114 viamque
1916 2024 2129 2092 salutis
2178 2022 2534 2092 docendam
2581 2023 2922 2092 studiosius

397 2109 751 2192 desudare,l
798 2136 903 2178 me
949 2112 1209 2178 rationis
1256 2111 1621 2179 huiusmodi
1652 2111 1912 2180 ductum
1954 2111 2462 2180 consideratione
2509 2112 2795 2180 sollerter
2842 2112 2919 2179 ad

399 2222 497 2281 ea,
558 2223 680 2287 que
726 2201 917 2267 vestri
963 2199 1151 2266 studii
1197 2213 1497 2287 poterunt
1553 2201 1827 2268 relevare
1874 2200 2186 2283 laborem,
2242 2202 2465 2268 vestris
2513 2225 2591 2268 ue
2638 2200 2925 2268 consola·
2998 2280 3003 2285 θ

396 2286 673 2355 tionibus
704 2287 924 2355 adesse
968 2287 1234 2355 libenter
1266 2288 1450 2356 allicit
1498 2302 1559 2356 et
1593 2312 1707 2356 coa
1752 2301 1861 2357 tat.
1940 2290 2104 2357 Sane
2137 2313 2283 2356 cum
2330 2312 2442 2377 per
2470 2225 2681 2356 cielicis
2713 2312 2924 2355 recor·

398 2373 668 2442 dationis
714 2375 1197 2464 predecessores
1243 2400 1425 2444 meos
1471 2400 1666 2465 penes
1761 2379 2063 2444 onestatis
2097 2380 2562 2464 congruitatem
2610 2379 2924 2464 magistris

398 2466 463 2528 in
507 2462 833 2550 theologia
865 2487 1116 2551 semper
1161 2463 1472 2532 indultum
1505 2464 1709 2548 fuerit,
1759 2477 1828 2533 ut
1873 2466 1988 2532 sibi
2035 2467 2247 2532 socios
2281 2464 2359 2532 eli
2408 2478 2607 2546 erent,
2654 2467 2757 2554 qui
2793 2484 2920 2532 tam

399 2551 458 2616 in
491 2552 618 2617 suis
650 2551 857 2632 scoliS,
905 2576 1095 2640 quam
1126 2555 1190 2619 in
1223 2553 1694 2620 necessitatibus
1726 2553 1858 2620 aliis
1894 2552 2134 2620 eisdem
2166 2555 2371 2640 specia
2397 2555 2513 2620 iter
2545 2554 2924 2634 assisterent,

398 2652 585 2726 prout
641 2639 893 2707 humilis
954 2639 1241 2709 decentia
1297 2661 1513 2710 nostre
1574 2643 1802 2730 patitur
1848 2643 2258 2730 paupertatiS,
2320 2641 2500 2711 vobis
2556 2643 2925 2710 auctoritate

400 2726 545 2794 duxi
579 2730 967 2815 presentium
1001 2729 1508 2813 concedendum,
1585 2744 1872 2813 uatenuS,
1911 2750 2056 2818 post
2102 2754 2250 2797 uam
2281 2754 2397 2798 vos
2429 2732 2740 2797 licenciari
2774 2754 2925 2798 con-

398 2817 608 2903 tigerit
642 2818 706 2883 in
737 2816 1176 2906 th(e)ologica
1205 2818 1515 2902 facultate,
1542 2755 1803 2888 iratrem
1839 2844 2038 2886 unum
2118 2843 2151 2885 e
2182 2820 2509 2906 provincia
2534 2819 2925 2900 Theutonie‚

400 2902 476 2971 de
525 2928 652 2992 quo
700 2905 1065 2972 discretioni
1097 2919 1303 2973 vestre
1352 2909 1554 2995 magis
1585 2908 1917 2990 videbitur,
1965 2907 2043 2974 ad
2073 2931 2192 2975 vos
2240 2932 2382 2975 mea
2427 2908 2681 2995 possitis
2717 2927 2933 2975 aucto·

399 2993 578 3059 ritate
624 3015 882 3074 vocare,
932 3016 1124 3080 quem
1169 2996 1486 3081 poteritiS,
1543 2997 1594 3061 si
1640 2997 1822 3063 vobis
1869 2996 2197 3083 placuerit,
2245 3019 2361 3083 pro
2410 2996 2589 3062 socio
2636 2997 2930 3063 retinere.

400 3078 502 3144 Ad
549 3080 861 3146 maiorem
908 3092 1119 3146 autem
1165 3082 1356 3167 ipsius
1391 3082 1902 3150 consolationem
1952 3103 2015 3150 et
2057 3096 2331 3150 vestram
2381 3083 2529 3149 volo
2579 3094 2642 3150 et
2684 3107 2930 3150 exnunc

402 3164 663 3248 ordin0,
723 3164 916 3254 quod,
964 3168 1262 3254 quamdiu
1310 3168 1638 3235 vobiscum
1687 3171 1957 3236 Parisius
2004 3169 2217 3252 fuerit,
2265 3172 2345 3237 sit
2391 3172 2722 3238 Parisiensi
2780 3195 2932 3238 con-

401 3255 617 3320 ventui
679 3252 1027 3341 deputatus,
1122 3256 1196 3322 Et
1252 3257 1394 3343 q'uia
1439 3256 1590 3322 volo
1647 3280 1765 3324 vos
1822 3259 2046 3323 maiori
2095 3257 2375 3325 libertate
2480 3257 2709 3325 audere
2758 3277 2821 3325 et
2866 3261 2931 3325 in

402 3352 614 3409 vestro
662 3343 970 3429 principio
1018 3342 1198 3409 vobis
1242 3342 1394 3410 volo
1443 3346 1708 3431 gratiam
1755 3343 1956 3411 facere
2005 3345 2371 3433 specialem,
2430 3281 2688 3413 {fatrem
2734 3345 2931 3429 illum,

403 3453 592 3519 quem
639 3428 1023 3515 advocabitis
1072 3450 1132 3498 et
1180 3434 1509 3499 assumetis
1558 3433 1621 3499 in
1669 3434 1950 3514 socium,
2000 3457 2075 3499 ex
2131 3458 2300 3501 nunc
2349 3432 2625 3500 decerno
2683 3432 2769 3499 illi
2827 3434 2934 3502 de-

404 3519 701 3585 cennario
735 3541 1028 3599 numerO,
1077 3543 1266 3607 quem
1314 3543 1424 3607 per
1456 3544 1561 3587 me
1595 3520 2044 3609 ponendorum
2077 3522 2367 3603 ParisiuS,
2416 3545 2747 3610 quousque
2778 3523 2934 3589 mihi

404 3605 773 3688 videbitur,2
836 3620 1094 3694 propter
1141 3606 1604 3676 alleviationem
1663 3628 2014 3677 conventus
2062 3609 2414 3677 voluntarie
2461 3611 2679 3691 statui,
2744 3610 2936 3677 nulla-

402 3706 588 3762 tenus
634 3694 970 3761 subiacere.
1064 3696 1309 3763 Valete.

618 3844 634 3873 ¹
674 3836 746 3888 So
785 3835 886 3889 HS.
1035 3843 1055 3873 ‘-'
1091 3836 1249 3906 Folgt
1286 3838 1426 3891 noch
1467 3838 1659 3891 einmal
1700 3838 1845 3892 mihi.

616 3958 727 4013 Pol.
774 3974 868 4030 192
885 3972 938 4013 v,
980 3930 1102 4013 ‘Ob
1140 3959 1230 4012 das
1271 3960 1429 4013 Stiick
1469 3959 1646 4014 fri'iher
1683 3980 1745 4014 zu
1785 3969 1965 4015 setzen
2011 3962 2117 4015 und
2153 3980 2220 4015 an
2258 3961 2496 4015 Dietrich
2535 3978 2642 4014 von
2681 3960 2935 4031 Freiburg

407 4045 509 4099 den
549 4048 790 4116 einzigen
829 4047 1120 4101 deutschen
1159 4049 1469 4115 Provinzial,
1511 4048 1603 4102 der
1641 4066 1736 4102 vor
1779 4065 1914 4118 1300
1951 4049 2207 4119 Magister
2244 4051 2443 4116 wurde,
2484 4068 2544 4103 zu
2583 4049 2791 4103 denken
2829 4050 2933 4102 ist?

1605 4186 1736 4260 156.

618 4294 941 4360 Hermann
972 4317 1088 4361 von
1120 4295 1394 4376 Minden,
1433 4294 1879 4361 Stellvertreter
1909 4296 2009 4361 des
2041 4296 2444 4382 Provinzials,
2491 4297 2772 4362 verbietet
2803 4296 2935 4362 dem

408 4382 649 4447 Bruder
695 4382 935 4464 Johann
979 4405 1096 4448 von
1144 4381 1403 4449 Kolmar
1449 4383 1561 4448 den
1605 4382 1862 4450 Verkehr
1908 4386 2016 4449 mit
2060 4386 2254 4450 seiner
2288 4384 2525 4450 Nichte.
2604 4384 2932 4471 Hagenau.

411 4465 611 4556 (1294
661 4470 823 4537 Nov·
874 4469 965 4559 4·)

620 4576 758 4661 Ego
816 4574 1007 4642 frater
1052 4574 1530 4665 Her(mannus)
1581 4576 1658 4643 de
1707 4576 1926 4644 Minda
1975 4576 2215 4645 ordinis
2262 4576 2738 4645 Predicatorum
2787 4601 2941 4645 con·

409 4682 636 4730 ventus
668 4664 1172 4750 ArgentinensiS,
1220 4665 1389 4731 vices
1420 4688 1647 4751 gerens
1689 4664 2018 4733 reverendi
2051 4667 2239 4752 patris
2272 4667 2496 4752 prioris
2541 4666 2939 4753 provincialis

2631 4789 2705 4833 ιι*
