<?xml version="1.0" encoding="UTF-8"?>
<!DOCTYPE html PUBLIC "-//W3C//DTD XHTML 1.0 Transitional//EN"
    "http://www.w3.org/TR/xhtml1/DTD/xhtml1-transitional.dtd">
<html xmlns="http://www.w3.org/1999/xhtml" xml:lang="en" lang="en">
 <head>
  <title>
</title>
<meta http-equiv="Content-Type" content="text/html;charset=utf-8" />
  <meta name='ocr-system' content='tesseract 3.04.00' />
  <meta name='ocr-capabilities' content='ocr_page ocr_carea ocr_par ocr_line ocrx_word'/>
</head>
<body>
  <div class='ocr_page' id='page_1' title='image "./ungedrucktedomi01finkgoog_0095.png"; bbox 0 0 3505 5335; ppageno 0'>
   <div class='ocr_carea' id='block_1_1' title="bbox 396 346 2949 433">
    <p class='ocr_par' dir='ltr' id='par_1_1' title="bbox 396 346 2949 433">
     <span class='ocr_line' id='line_1_1' title="bbox 396 346 2949 433; baseline -0.003 -15"><span class='ocrx_word' id='word_1_1' title='bbox 396 365 439 433; x_wconf 92' lang='lat' dir='ltr'>J.</span> <span class='ocrx_word' id='word_1_2' title='bbox 487 379 784 432; x_wconf 82' lang='lat'><strong>1272—77.-</strong></span> <span class='ocrx_word' id='word_1_3' title='bbox 1569 360 1762 415; x_wconf 89' lang='lat' dir='ltr'>Briefe.</span> <span class='ocrx_word' id='word_1_4' title='bbox 2853 346 2949 430; x_wconf 75' lang='lat'>83·</span> 
     </span>
    </p>
   </div>
   <div class='ocr_carea' id='block_1_2' title="bbox 397 517 2940 1396">
    <p class='ocr_par' dir='ltr' id='par_1_2' title="bbox 397 517 2940 1396">
     <span class='ocr_line' id='line_1_2' title="bbox 397 517 2938 608; baseline -0 -22"><span class='ocrx_word' id='word_1_5' title='bbox 397 520 586 588; x_wconf 88' lang='lat' dir='ltr'>fratri.</span> <span class='ocrx_word' id='word_1_6' title='bbox 652 521 718 586; x_wconf 92' lang='lat' dir='ltr'>Si</span> <span class='ocrx_word' id='word_1_7' title='bbox 751 532 985 601; x_wconf 89' lang='lat' dir='ltr'>autem,</span> <span class='ocrx_word' id='word_1_8' title='bbox 1019 532 1353 608; x_wconf 86' lang='lat' dir='ltr'><strong>antequam</strong></span> <span class='ocrx_word' id='word_1_9' title='bbox 1388 519 1777 600; x_wconf 88' lang='lat' dir='ltr'>licencietur,</span> <span class='ocrx_word' id='word_1_10' title='bbox 1825 530 2302 605; x_wconf 85' lang='lat' dir='ltr'>apostataverat,</span> <span class='ocrx_word' id='word_1_11' title='bbox 2336 541 2471 584; x_wconf 93' lang='lat' dir='ltr'>non</span> <span class='ocrx_word' id='word_1_12' title='bbox 2502 517 2809 599; x_wconf 88' lang='lat' dir='ltr'>scribitur,</span> <span class='ocrx_word' id='word_1_13' title='bbox 2843 539 2938 585; x_wconf 94' lang='lat' dir='ltr'>set</span> 
     </span>
     <span class='ocr_line' id='line_1_3' title="bbox 397 604 2935 696; baseline -0.001 -21"><span class='ocrx_word' id='word_1_14' title='bbox 397 609 657 696; x_wconf 90' lang='lat' dir='ltr'>proprio</span> <span class='ocrx_word' id='word_1_15' title='bbox 691 609 958 674; x_wconf 90' lang='lat' dir='ltr'>nomine</span> <span class='ocrx_word' id='word_1_16' title='bbox 992 619 1054 674; x_wconf 89' lang='lat' dir='ltr'>et</span> <span class='ocrx_word' id='word_1_17' title='bbox 1085 608 1433 694; x_wconf 83' lang='lat' dir='ltr'>agnomine</span> <span class='ocrx_word' id='word_1_18' title='bbox 1458 625 1720 674; x_wconf 90' lang='lat' dir='ltr'>vocatur</span> <span class='ocrx_word' id='word_1_19' title='bbox 1755 660 1769 673; x_wconf 91' lang='lat'><strong>.</strong></span> <span class='ocrx_word' id='word_1_20' title='bbox 1807 660 1821 673; x_wconf 91' lang='lat'><strong>.</strong></span> <span class='ocrx_word' id='word_1_21' title='bbox 1859 659 1872 672; x_wconf 94' lang='lat'><strong>.</strong></span> <span class='ocrx_word' id='word_1_22' title='bbox 1922 607 2043 673; x_wconf 92' lang='lat' dir='ltr'>Per</span> <span class='ocrx_word' id='word_1_23' title='bbox 2072 617 2399 693; x_wconf 88' lang='lat' dir='ltr'>presentes</span> <span class='ocrx_word' id='word_1_24' title='bbox 2432 607 2672 673; x_wconf 89' lang='lat' dir='ltr'>cunctis</span> <span class='ocrx_word' id='word_1_25' title='bbox 2706 604 2935 693; x_wconf 91' lang='lat' dir='ltr'>delego</span> 
     </span>
     <span class='ocr_line' id='line_1_4' title="bbox 397 691 2938 797; baseline -0.002 -35"><span class='ocrx_word' id='word_1_26' title='bbox 397 695 741 783; x_wconf 80' lang='lat' dir='ltr'>prioribuS,</span> <span class='ocrx_word' id='word_1_27' title='bbox 805 707 1112 797; x_wconf 87' lang='lat' dir='ltr'>quatenus</span> <span class='ocrx_word' id='word_1_28' title='bbox 1158 717 1269 782; x_wconf 93' lang='lat' dir='ltr'>per</span> <span class='ocrx_word' id='word_1_29' title='bbox 1325 718 1393 762; x_wconf 94' lang='lat' dir='ltr'>se</span> <span class='ocrx_word' id='word_1_30' title='bbox 1440 693 1539 761; x_wconf 92' lang='lat' dir='ltr'>vel</span> <span class='ocrx_word' id='word_1_31' title='bbox 1584 717 1697 781; x_wconf 93' lang='lat' dir='ltr'>per</span> <span class='ocrx_word' id='word_1_32' title='bbox 1743 693 1899 761; x_wconf 90' lang='lat' dir='ltr'>alios</span> <span class='ocrx_word' id='word_1_33' title='bbox 1956 706 2177 761; x_wconf 88' lang='lat' dir='ltr'>contra</span> <span class='ocrx_word' id='word_1_34' title='bbox 2221 716 2338 761; x_wconf 88' lang='lat' dir='ltr'>vos</span> <span class='ocrx_word' id='word_1_35' title='bbox 2394 691 2741 780; x_wconf 89' lang='lat' dir='ltr'>procedere</span> <span class='ocrx_word' id='word_1_36' title='bbox 2803 717 2938 761; x_wconf 92' lang='lat' dir='ltr'>non</span> 
     </span>
     <span class='ocr_line' id='line_1_5' title="bbox 401 781 2939 869; baseline -0 -20"><span class='ocrx_word' id='word_1_37' title='bbox 401 785 730 864; x_wconf 89' lang='lat' dir='ltr'>omittant,</span> <span class='ocrx_word' id='word_1_38' title='bbox 798 807 849 848; x_wconf 80' lang='lat' dir='ltr'>si</span> <span class='ocrx_word' id='word_1_39' title='bbox 903 781 1177 849; x_wconf 88' lang='lat' dir='ltr'>formam</span> <span class='ocrx_word' id='word_1_40' title='bbox 1223 806 1359 848; x_wconf 93' lang='lat' dir='ltr'>non</span> <span class='ocrx_word' id='word_1_41' title='bbox 1405 783 1800 849; x_wconf 84' lang='lat' dir='ltr'>servaveritis</span> <span class='ocrx_word' id='word_1_42' title='bbox 1848 783 2292 869; x_wconf 89' lang='lat' dir='ltr'>suprascripta,</span> <span class='ocrx_word' id='word_1_43' title='bbox 2354 781 2420 847; x_wconf 91' lang='lat' dir='ltr'>in</span> <span class='ocrx_word' id='word_1_44' title='bbox 2476 781 2762 868; x_wconf 90' lang='lat' dir='ltr'>ipsorum</span> <span class='ocrx_word' id='word_1_45' title='bbox 2816 793 2939 848; x_wconf 90' lang='lat' dir='ltr'>ter-</span> 
     </span>
     <span class='ocr_line' id='line_1_6' title="bbox 400 867 2938 958; baseline -0 -22"><span class='ocrx_word' id='word_1_46' title='bbox 400 872 589 936; x_wconf 90' lang='lat' dir='ltr'>minis</span> <span class='ocrx_word' id='word_1_47' title='bbox 625 869 974 958; x_wconf 81' lang='lat' dir='ltr'>evagando,</span> <span class='ocrx_word' id='word_1_48' title='bbox 1066 871 1211 936; x_wconf 89' lang='lat' dir='ltr'>Dat.</span> <span class='ocrx_word' id='word_1_49' title='bbox 1261 881 1380 937; x_wconf 89' lang='lat' dir='ltr'>etc.</span> <span class='ocrx_word' id='word_1_50' title='bbox 1471 871 1665 937; x_wconf 89' lang='lat' dir='ltr'>Nota.</span> <span class='ocrx_word' id='word_1_51' title='bbox 1755 868 2113 957; x_wconf 87' lang='lat' dir='ltr'>Aliquando</span> <span class='ocrx_word' id='word_1_52' title='bbox 2161 892 2297 934; x_wconf 93' lang='lat' dir='ltr'>non</span> <span class='ocrx_word' id='word_1_53' title='bbox 2344 867 2522 936; x_wconf 90' lang='lat' dir='ltr'>datur</span> <span class='ocrx_word' id='word_1_54' title='bbox 2567 868 2816 935; x_wconf 88' lang='lat' dir='ltr'>licentia</span> <span class='ocrx_word' id='word_1_55' title='bbox 2861 870 2938 935; x_wconf 92' lang='lat' dir='ltr'>ad</span> 
     </span>
     <span class='ocr_line' id='line_1_7' title="bbox 401 955 2936 1045; baseline -0 -21"><span class='ocrx_word' id='word_1_56' title='bbox 401 959 658 1024; x_wconf 90' lang='lat' dir='ltr'>ordines</span> <span class='ocrx_word' id='word_1_57' title='bbox 705 960 788 1025; x_wconf 89' lang='lat' dir='ltr'>ita</span> <span class='ocrx_word' id='word_1_58' title='bbox 847 957 1048 1044; x_wconf 87' lang='lat' dir='ltr'>large,</span> <span class='ocrx_word' id='word_1_59' title='bbox 1105 959 1267 1025; x_wconf 93' lang='lat' dir='ltr'>sicut</span> <span class='ocrx_word' id='word_1_60' title='bbox 1312 979 1497 1044; x_wconf 90' lang='lat' dir='ltr'>supra</span> <span class='ocrx_word' id='word_1_61' title='bbox 1552 959 1833 1045; x_wconf 89' lang='lat' dir='ltr'>positum</span> <span class='ocrx_word' id='word_1_62' title='bbox 1885 968 1978 1024; x_wconf 89' lang='lat' dir='ltr'>est</span> <span class='ocrx_word' id='word_1_63' title='bbox 2025 969 2089 1024; x_wconf 93' lang='lat' dir='ltr'>et</span> <span class='ocrx_word' id='word_1_64' title='bbox 2148 980 2225 1023; x_wconf 84' lang='lat' dir='ltr'>ex</span> <span class='ocrx_word' id='word_1_65' title='bbox 2271 955 2599 1043; x_wconf 91' lang='lat' dir='ltr'>privilegio</span> <span class='ocrx_word' id='word_1_66' title='bbox 2656 955 2936 1037; x_wconf 89' lang='lat' dir='ltr'>habetur,</span> 
     </span>
     <span class='ocr_line' id='line_1_8' title="bbox 399 1043 2933 1132; baseline -0.001 -21"><span class='ocrx_word' id='word_1_67' title='bbox 399 1058 496 1113; x_wconf 90' lang='lat' dir='ltr'>set</span> <span class='ocrx_word' id='word_1_68' title='bbox 541 1047 954 1112; x_wconf 87' lang='lat' dir='ltr'>nominantur</span> <span class='ocrx_word' id='word_1_69' title='bbox 1001 1043 1128 1112; x_wconf 93' lang='lat' dir='ltr'>duo</span> <span class='ocrx_word' id='word_1_70' title='bbox 1175 1044 1277 1112; x_wconf 91' lang='lat' dir='ltr'>vel</span> <span class='ocrx_word' id='word_1_71' title='bbox 1323 1069 1508 1126; x_wconf 80' lang='lat' dir='ltr'>unuS,</span> <span class='ocrx_word' id='word_1_72' title='bbox 1556 1044 1849 1112; x_wconf 89' lang='lat' dir='ltr'>videlicet</span> <span class='ocrx_word' id='word_1_73' title='bbox 1896 1045 2352 1132; x_wconf 89' lang='lat' dir='ltr'>Cystersiensis</span> <span class='ocrx_word' id='word_1_74' title='bbox 2399 1056 2461 1111; x_wconf 94' lang='lat' dir='ltr'>et</span> <span class='ocrx_word' id='word_1_75' title='bbox 2494 1044 2933 1111; x_wconf 81' lang='lat' dir='ltr'>CartusiensiS.</span> 
     </span>
     <span class='ocr_line' id='line_1_9' title="bbox 398 1132 2938 1221; baseline -0 -22"><span class='ocrx_word' id='word_1_76' title='bbox 398 1132 761 1221; x_wconf 90' lang='lat' dir='ltr'>Aliquando</span> <span class='ocrx_word' id='word_1_77' title='bbox 823 1135 874 1199; x_wconf 91' lang='lat' dir='ltr'>si</span> <span class='ocrx_word' id='word_1_78' title='bbox 927 1132 1044 1199; x_wconf 86' lang='lat' dir='ltr'>fuit</span> <span class='ocrx_word' id='word_1_79' title='bbox 1095 1132 1328 1215; x_wconf 89' lang='lat' dir='ltr'>lector,</span> <span class='ocrx_word' id='word_1_80' title='bbox 1395 1134 1501 1221; x_wconf 92' lang='lat' dir='ltr'>qui</span> <span class='ocrx_word' id='word_1_81' title='bbox 1561 1132 1959 1213; x_wconf 87' lang='lat' dir='ltr'>licenciatur,</span> <span class='ocrx_word' id='word_1_82' title='bbox 2024 1132 2426 1218; x_wconf 89' lang='lat' dir='ltr'>prohibetur,</span> <span class='ocrx_word' id='word_1_83' title='bbox 2492 1154 2574 1198; x_wconf 92' lang='lat' dir='ltr'>ne</span> <span class='ocrx_word' id='word_1_84' title='bbox 2634 1155 2938 1220; x_wconf 90' lang='lat' dir='ltr'>umquam</span> 
     </span>
     <span class='ocr_line' id='line_1_10' title="bbox 401 1218 2938 1307; baseline 0 -21"><span class='ocrx_word' id='word_1_85' title='bbox 401 1220 585 1307; x_wconf 90' lang='lat' dir='ltr'>legat,</span> <span class='ocrx_word' id='word_1_86' title='bbox 634 1221 764 1287; x_wconf 83' lang='lat' dir='ltr'>aliis</span> <span class='ocrx_word' id='word_1_87' title='bbox 797 1220 913 1286; x_wconf 90' lang='lat' dir='ltr'>alie</span> <span class='ocrx_word' id='word_1_88' title='bbox 946 1218 1173 1287; x_wconf 89' lang='lat' dir='ltr'>dantur</span> <span class='ocrx_word' id='word_1_89' title='bbox 1206 1218 1639 1287; x_wconf 81' lang='lat' dir='ltr'>condiciones,</span> <span class='ocrx_word' id='word_1_90' title='bbox 1707 1219 1990 1301; x_wconf 86' lang='lat' dir='ltr'>Quidam</span> <span class='ocrx_word' id='word_1_91' title='bbox 2025 1221 2215 1286; x_wconf 88' lang='lat' dir='ltr'>etiam</span> <span class='ocrx_word' id='word_1_92' title='bbox 2247 1220 2631 1306; x_wconf 88' lang='lat' dir='ltr'>provintiam</span> <span class='ocrx_word' id='word_1_93' title='bbox 2662 1219 2938 1306; x_wconf 87' lang='lat' dir='ltr'>abjurare</span> 
     </span>
     <span class='ocr_line' id='line_1_11' title="bbox 403 1306 2940 1396; baseline -0 -22"><span class='ocrx_word' id='word_1_94' title='bbox 403 1326 746 1395; x_wconf 87' lang='lat' dir='ltr'>coguntur,</span> <span class='ocrx_word' id='word_1_95' title='bbox 809 1307 1210 1396; x_wconf 88' lang='lat' dir='ltr'>quorundam</span> <span class='ocrx_word' id='word_1_96' title='bbox 1266 1308 1632 1375; x_wconf 90' lang='lat' dir='ltr'>licenciacio</span> <span class='ocrx_word' id='word_1_97' title='bbox 1681 1330 1898 1375; x_wconf 89' lang='lat' dir='ltr'>coram</span> <span class='ocrx_word' id='word_1_98' title='bbox 1952 1307 2214 1375; x_wconf 90' lang='lat' dir='ltr'>testibus</span> <span class='ocrx_word' id='word_1_99' title='bbox 2260 1306 2331 1374; x_wconf 91' lang='lat' dir='ltr'>fit</span> <span class='ocrx_word' id='word_1_100' title='bbox 2388 1325 2449 1374; x_wconf 93' lang='lat' dir='ltr'>et</span> <span class='ocrx_word' id='word_1_101' title='bbox 2493 1306 2698 1373; x_wconf 86' lang='lat' dir='ltr'>littere</span> <span class='ocrx_word' id='word_1_102' title='bbox 2754 1330 2940 1394; x_wconf 89' lang='lat' dir='ltr'>super</span> 
     </span>
    </p>
   </div>
   <div class='ocr_carea' id='block_1_3' title="bbox 400 1393 2938 1550">
    <p class='ocr_par' dir='ltr' id='par_1_3' title="bbox 400 1393 2938 1550">
     <span class='ocr_line' id='line_1_12' title="bbox 400 1393 2938 1483; baseline -0 -22"><span class='ocrx_word' id='word_1_103' title='bbox 400 1396 524 1462; x_wconf 93' lang='lat' dir='ltr'>hoc</span> <span class='ocrx_word' id='word_1_104' title='bbox 593 1395 1051 1477; x_wconf 89' lang='lat' dir='ltr'>conficiuntur,</span> <span class='ocrx_word' id='word_1_105' title='bbox 1117 1397 1168 1461; x_wconf 91' lang='lat' dir='ltr'>si</span> <span class='ocrx_word' id='word_1_106' title='bbox 1236 1395 1401 1463; x_wconf 87' lang='lat' dir='ltr'>forte</span> <span class='ocrx_word' id='word_1_107' title='bbox 1463 1398 1762 1476; x_wconf 90' lang='lat' dir='ltr'>timetur,</span> <span class='ocrx_word' id='word_1_108' title='bbox 1833 1394 2006 1483; x_wconf 92' lang='lat' dir='ltr'>quod</span> <span class='ocrx_word' id='word_1_109' title='bbox 2071 1395 2272 1483; x_wconf 89' lang='lat' dir='ltr'>aliqua</span> <span class='ocrx_word' id='word_1_110' title='bbox 2336 1393 2414 1460; x_wconf 91' lang='lat' dir='ltr'>de</span> <span class='ocrx_word' id='word_1_111' title='bbox 2488 1394 2615 1461; x_wconf 92' lang='lat' dir='ltr'>hoc</span> <span class='ocrx_word' id='word_1_112' title='bbox 2679 1418 2938 1462; x_wconf 85' lang='lat' dir='ltr'>vexac1o</span> 
     </span>
     <span class='ocr_line' id='line_1_13' title="bbox 401 1495 998 1550; baseline 0.003 -3"><span class='ocrx_word' id='word_1_113' title='bbox 401 1495 706 1550; x_wconf 88' lang='lat' dir='ltr'>nascatur.</span> <span class='ocrx_word' id='word_1_114' title='bbox 994 1502 998 1506; x_wconf 89' lang='grc'><em>·</em></span> 
     </span>
    </p>
   </div>
   <div class='ocr_carea' id='block_1_4' title="bbox 611 1658 937 1723">
    <p class='ocr_par' dir='ltr' id='par_1_4' title="bbox 611 1658 937 1723">
     <span class='ocr_line' id='line_1_14' title="bbox 611 1658 937 1723; baseline 0.006 -13"><span class='ocrx_word' id='word_1_115' title='bbox 611 1658 724 1712; x_wconf 91' lang='lat' dir='ltr'>Fol.</span> <span class='ocrx_word' id='word_1_116' title='bbox 770 1670 937 1723; x_wconf 75' lang='lat' dir='ltr'>114V.</span> 
     </span>
    </p>
   </div>
   <div class='ocr_carea' id='block_1_5' title="bbox 1626 1831 1727 1900">
    <p class='ocr_par' dir='ltr' id='par_1_5' title="bbox 1626 1831 1727 1900">
     <span class='ocr_line' id='line_1_15' title="bbox 1626 1831 1727 1900; baseline 0 -1"><span class='ocrx_word' id='word_1_117' title='bbox 1626 1831 1727 1900; x_wconf 79' lang='lat'>52.</span> 
     </span>
    </p>
   </div>
   <div class='ocr_carea' id='block_1_6' title="bbox 403 1953 2947 4530">
    <p class='ocr_par' dir='ltr' id='par_1_6' title="bbox 406 1953 2938 2131">
     <span class='ocr_line' id='line_1_16' title="bbox 616 1953 2938 2044; baseline -0.001 -23"><span class='ocrx_word' id='word_1_118' title='bbox 616 1955 980 2042; x_wconf 74' lang='lat' dir='ltr'>Ratschlc‘z&#39;ge</span> <span class='ocrx_word' id='word_1_119' title='bbox 1042 1953 1171 2038; x_wconf 83' lang='lat' dir='ltr'>(des</span> <span class='ocrx_word' id='word_1_120' title='bbox 1228 1955 1614 2042; x_wconf 60' lang='lat' dir='ltr'>Provinzials</span> <span class='ocrx_word' id='word_1_121' title='bbox 1679 1955 1919 2044; x_wconf 82' lang='lat' dir='ltr'>Ulrich)</span> <span class='ocrx_word' id='word_1_122' title='bbox 1975 1956 2098 2043; x_wconf 69' lang='lat' dir='ltr'>fiir</span> <span class='ocrx_word' id='word_1_123' title='bbox 2163 1958 2257 2020; x_wconf 82' lang='lat' dir='ltr'>ein</span> <span class='ocrx_word' id='word_1_124' title='bbox 2310 1956 2624 2020; x_wconf 84' lang='lat' dir='ltr'>visitiertes</span> <span class='ocrx_word' id='word_1_125' title='bbox 2679 1953 2938 2019; x_wconf 79' lang='lat' dir='ltr'>Kloster.</span> 
     </span>
     <span class='ocr_line' id='line_1_17' title="bbox 406 2040 2478 2131; baseline 0.001 -4"><span class='ocrx_word' id='word_1_126' title='bbox 406 2040 834 2131; x_wconf 71' lang='lat'><em>(1272—77)</em></span> <span class='ocrx_word' id='word_1_127' title='bbox 2469 2073 2478 2080; x_wconf 83' lang='grc'><em>·</em></span> 
     </span>
    </p>

    <p class='ocr_par' dir='ltr' id='par_1_7' title="bbox 403 2162 2947 4530">
     <span class='ocr_line' id='line_1_18' title="bbox 613 2162 2937 2252; baseline -0.001 -22"><span class='ocrx_word' id='word_1_128' title='bbox 613 2166 974 2231; x_wconf 88' lang='lat' dir='ltr'>Karissimis</span> <span class='ocrx_word' id='word_1_129' title='bbox 1020 2167 1086 2232; x_wconf 91' lang='lat' dir='ltr'>in</span> <span class='ocrx_word' id='word_1_130' title='bbox 1137 2165 1394 2232; x_wconf 89' lang='lat' dir='ltr'>Christo</span> <span class='ocrx_word' id='word_1_131' title='bbox 1441 2166 1639 2252; x_wconf 90' lang='lat' dir='ltr'>priori</span> <span class='ocrx_word' id='word_1_132' title='bbox 1687 2177 1748 2232; x_wconf 91' lang='lat' dir='ltr'>et</span> <span class='ocrx_word' id='word_1_133' title='bbox 1793 2163 2103 2231; x_wconf 75' lang='lat' dir='ltr'>fratribus,</span> <span class='ocrx_word' id='word_1_134' title='bbox 2195 2165 2372 2231; x_wconf 92' lang='lat' dir='ltr'>Licet</span> <span class='ocrx_word' id='word_1_135' title='bbox 2422 2186 2638 2230; x_wconf 90' lang='lat' dir='ltr'>coram</span> <span class='ocrx_word' id='word_1_136' title='bbox 2688 2162 2937 2252; x_wconf 91' lang='lat' dir='ltr'>(vobis)</span> 
     </span>
     <span class='ocr_line' id='line_1_19' title="bbox 403 2250 2940 2340; baseline -0.001 -22"><span class='ocrx_word' id='word_1_137' title='bbox 403 2253 648 2338; x_wconf 92' lang='lat' dir='ltr'>positus</span> <span class='ocrx_word' id='word_1_138' title='bbox 708 2276 826 2319; x_wconf 90' lang='lat' dir='ltr'>vos</span> <span class='ocrx_word' id='word_1_139' title='bbox 887 2275 1484 2320; x_wconf 91' lang='lat' dir='ltr'>commonescerem</span> <span class='ocrx_word' id='word_1_140' title='bbox 1546 2251 1625 2318; x_wconf 91' lang='lat' dir='ltr'>de</span> <span class='ocrx_word' id='word_1_141' title='bbox 1682 2251 2055 2340; x_wconf 87' lang='lat' dir='ltr'>quibusdam</span> <span class='ocrx_word' id='word_1_142' title='bbox 2103 2253 2180 2318; x_wconf 88' lang='lat' dir='ltr'>ad</span> <span class='ocrx_word' id='word_1_143' title='bbox 2236 2252 2637 2319; x_wconf 87' lang='lat' dir='ltr'>honestatem</span> <span class='ocrx_word' id='word_1_144' title='bbox 2701 2250 2940 2317; x_wconf 89' lang='lat' dir='ltr'>ordinis</span> 
     </span>
     <span class='ocr_line' id='line_1_20' title="bbox 406 2340 2938 2427; baseline -0 -22"><span class='ocrx_word' id='word_1_145' title='bbox 406 2340 892 2426; x_wconf 80' lang='lat' dir='ltr'>pertinentibuS,</span> <span class='ocrx_word' id='word_1_146' title='bbox 963 2340 1184 2407; x_wconf 87' lang='lat' dir='ltr'>eadem</span> <span class='ocrx_word' id='word_1_147' title='bbox 1252 2352 1469 2407; x_wconf 87' lang='lat' dir='ltr'>tamen</span> <span class='ocrx_word' id='word_1_148' title='bbox 1537 2352 1823 2427; x_wconf 89' lang='lat' dir='ltr'>repetere</span> <span class='ocrx_word' id='word_1_149' title='bbox 1887 2342 2048 2407; x_wconf 90' lang='lat' dir='ltr'>sicut</span> <span class='ocrx_word' id='word_1_150' title='bbox 2113 2340 2270 2406; x_wconf 89' lang='lat' dir='ltr'>mihi</span> <span class='ocrx_word' id='word_1_151' title='bbox 2333 2362 2470 2405; x_wconf 91' lang='lat' dir='ltr'>non</span> <span class='ocrx_word' id='word_1_152' title='bbox 2581 2340 2789 2426; x_wconf 88' lang='lat' dir='ltr'>igrum</span> <span class='ocrx_word' id='word_1_153' title='bbox 2855 2340 2938 2405; x_wconf 86' lang='lat' dir='ltr'>ita</span> 
     </span>
     <span class='ocr_line' id='line_1_21' title="bbox 406 2425 2937 2515; baseline -0 -22"><span class='ocrx_word' id='word_1_154' title='bbox 406 2439 652 2512; x_wconf 88' lang='lat' dir='ltr'>gratum</span> <span class='ocrx_word' id='word_1_155' title='bbox 685 2439 894 2495; x_wconf 88' lang='lat' dir='ltr'>vestre</span> <span class='ocrx_word' id='word_1_156' title='bbox 942 2427 1266 2515; x_wconf 88' lang='lat' dir='ltr'>diligentie</span> <span class='ocrx_word' id='word_1_157' title='bbox 1313 2451 1451 2495; x_wconf 90' lang='lat' dir='ltr'>esse</span> <span class='ocrx_word' id='word_1_158' title='bbox 1499 2426 1703 2495; x_wconf 89' lang='lat' dir='ltr'>debet.</span> <span class='ocrx_word' id='word_1_159' title='bbox 1783 2428 2068 2494; x_wconf 92' lang='lat' dir='ltr'>Primum</span> <span class='ocrx_word' id='word_1_160' title='bbox 2114 2429 2304 2514; x_wconf 91' lang='lat' dir='ltr'>igitur</span> <span class='ocrx_word' id='word_1_161' title='bbox 2348 2439 2519 2494; x_wconf 86' lang='lat' dir='ltr'>atten</span> <span class='ocrx_word' id='word_1_162' title='bbox 2567 2439 2675 2494; x_wconf 90' lang='lat' dir='ltr'>ant</span> <span class='ocrx_word' id='word_1_163' title='bbox 2718 2425 2937 2493; x_wconf 88' lang='lat' dir='ltr'>fratres</span> 
     </span>
     <span class='ocr_line' id='line_1_22' title="bbox 407 2512 2940 2602; baseline 0 -22"><span class='ocrx_word' id='word_1_164' title='bbox 407 2526 469 2581; x_wconf 96' lang='lat' dir='ltr'>et</span> <span class='ocrx_word' id='word_1_165' title='bbox 517 2526 777 2582; x_wconf 88' lang='lat' dir='ltr'>caveant</span> <span class='ocrx_word' id='word_1_166' title='bbox 824 2514 1186 2602; x_wconf 89' lang='lat' dir='ltr'>diligenter,</span> <span class='ocrx_word' id='word_1_167' title='bbox 1248 2539 1329 2583; x_wconf 94' lang='lat' dir='ltr'>ne</span> <span class='ocrx_word' id='word_1_168' title='bbox 1385 2515 1645 2583; x_wconf 88' lang='lat' dir='ltr'>claustra</span> <span class='ocrx_word' id='word_1_169' title='bbox 1691 2527 2032 2602; x_wconf 89' lang='lat' dir='ltr'>graventur</span> <span class='ocrx_word' id='word_1_170' title='bbox 2078 2517 2364 2602; x_wconf 91' lang='lat' dir='ltr'>ipsorum</span> <span class='ocrx_word' id='word_1_171' title='bbox 2424 2512 2777 2601; x_wconf 91' lang='lat' dir='ltr'>sumptibus</span> <span class='ocrx_word' id='word_1_172' title='bbox 2834 2526 2940 2581; x_wconf 90' lang='lat' dir='ltr'>aut</span> 
     </span>
     <span class='ocr_line' id='line_1_23' title="bbox 404 2602 2939 2692; baseline -0.001 -24"><span class='ocrx_word' id='word_1_173' title='bbox 404 2604 706 2685; x_wconf 80' lang='lat' dir='ltr'>vecturiS,</span> <span class='ocrx_word' id='word_1_174' title='bbox 767 2626 849 2670; x_wconf 90' lang='lat' dir='ltr'>ne</span> <span class='ocrx_word' id='word_1_175' title='bbox 894 2625 1117 2691; x_wconf 87' lang='lat' dir='ltr'>parum</span> <span class='ocrx_word' id='word_1_176' title='bbox 1167 2626 1374 2672; x_wconf 87' lang='lat' dir='ltr'>serere</span> <span class='ocrx_word' id='word_1_177' title='bbox 1433 2603 1846 2692; x_wconf 89' lang='lat' dir='ltr'>spiritualium</span> <span class='ocrx_word' id='word_1_178' title='bbox 1895 2615 1957 2671; x_wconf 92' lang='lat' dir='ltr'>et</span> <span class='ocrx_word' id='word_1_179' title='bbox 2014 2602 2278 2690; x_wconf 85' lang='lat' dir='ltr'>amplius</span> <span class='ocrx_word' id='word_1_180' title='bbox 2325 2614 2566 2670; x_wconf 91' lang='lat' dir='ltr'>metere</span> <span class='ocrx_word' id='word_1_181' title='bbox 2620 2614 2939 2689; x_wconf 86' lang='lat' dir='ltr'>tempora-</span> 
     </span>
     <span class='ocr_line' id='line_1_24' title="bbox 406 2689 2939 2780; baseline 0 -25"><span class='ocrx_word' id='word_1_182' title='bbox 406 2691 559 2757; x_wconf 90' lang='lat' dir='ltr'>lium</span> <span class='ocrx_word' id='word_1_183' title='bbox 591 2690 964 2758; x_wconf 90' lang='lat' dir='ltr'>iudicentur.</span> <span class='ocrx_word' id='word_1_184' title='bbox 1045 2694 1266 2759; x_wconf 89' lang='lat' dir='ltr'>Vitent</span> <span class='ocrx_word' id='word_1_185' title='bbox 1297 2715 1553 2780; x_wconf 91' lang='lat' dir='ltr'>quoque</span> <span class='ocrx_word' id='word_1_186' title='bbox 1600 2692 2015 2779; x_wconf 91' lang='lat' dir='ltr'>begginarum</span> <span class='ocrx_word' id='word_1_187' title='bbox 2049 2689 2490 2759; x_wconf 87' lang='lat' dir='ltr'>conventicula</span> <span class='ocrx_word' id='word_1_188' title='bbox 2536 2703 2599 2758; x_wconf 94' lang='lat' dir='ltr'>et</span> <span class='ocrx_word' id='word_1_189' title='bbox 2630 2690 2734 2771; x_wconf 91' lang='lat' dir='ltr'>ibi,</span> <span class='ocrx_word' id='word_1_190' title='bbox 2781 2690 2939 2756; x_wconf 91' lang='lat' dir='ltr'>ultra</span> 
     </span>
     <span class='ocr_line' id='line_1_25' title="bbox 407 2777 2938 2866; baseline -0.001 -21"><span class='ocrx_word' id='word_1_191' title='bbox 407 2778 578 2866; x_wconf 92' lang='lat' dir='ltr'>quod</span> <span class='ocrx_word' id='word_1_192' title='bbox 627 2777 937 2860; x_wconf 86' lang='lat' dir='ltr'>decuerit,</span> <span class='ocrx_word' id='word_1_193' title='bbox 996 2802 1130 2846; x_wconf 93' lang='lat' dir='ltr'>non</span> <span class='ocrx_word' id='word_1_194' title='bbox 1181 2798 1511 2846; x_wconf 92' lang='lat' dir='ltr'>morentur</span> <span class='ocrx_word' id='word_1_195' title='bbox 1559 2802 1678 2846; x_wconf 92' lang='lat' dir='ltr'>nec</span> <span class='ocrx_word' id='word_1_196' title='bbox 1724 2781 1852 2846; x_wconf 89' lang='lat' dir='ltr'>sint</span> <span class='ocrx_word' id='word_1_197' title='bbox 1904 2779 2127 2847; x_wconf 89' lang='lat' dir='ltr'>talibus</span> <span class='ocrx_word' id='word_1_198' title='bbox 2173 2778 2479 2846; x_wconf 91' lang='lat' dir='ltr'>honerosi</span> <span class='ocrx_word' id='word_1_199' title='bbox 2525 2801 2646 2865; x_wconf 90' lang='lat' dir='ltr'>pau</span> <span class='ocrx_word' id='word_1_200' title='bbox 2694 2778 2938 2858; x_wconf 79' lang='lat' dir='ltr'>erculiS,</span> 
     </span>
     <span class='ocr_line' id='line_1_26' title="bbox 407 2865 2939 2955; baseline 0 -24"><span class='ocrx_word' id='word_1_201' title='bbox 407 2865 628 2954; x_wconf 90' lang='lat' dir='ltr'>quibus</span> <span class='ocrx_word' id='word_1_202' title='bbox 674 2866 850 2933; x_wconf 87' lang='lat' dir='ltr'>labor</span> <span class='ocrx_word' id='word_1_203' title='bbox 896 2890 1201 2934; x_wconf 90' lang='lat' dir='ltr'>manuum</span> <span class='ocrx_word' id='word_1_204' title='bbox 1247 2880 1342 2935; x_wconf 90' lang='lat' dir='ltr'>est</span> <span class='ocrx_word' id='word_1_205' title='bbox 1388 2890 1505 2955; x_wconf 89' lang='lat' dir='ltr'>pro</span> <span class='ocrx_word' id='word_1_206' title='bbox 1552 2891 1765 2933; x_wconf 78' lang='lat' dir='ltr'>cenSU.</span> <span class='ocrx_word' id='word_1_207' title='bbox 1844 2866 1949 2933; x_wconf 88' lang='lat' dir='ltr'>Illa</span> <span class='ocrx_word' id='word_1_208' title='bbox 1997 2889 2274 2955; x_wconf 92' lang='lat' dir='ltr'>quoque,</span> <span class='ocrx_word' id='word_1_209' title='bbox 2320 2889 2442 2954; x_wconf 93' lang='lat' dir='ltr'>que</span> <span class='ocrx_word' id='word_1_210' title='bbox 2488 2888 2605 2953; x_wconf 92' lang='lat' dir='ltr'>pro</span> <span class='ocrx_word' id='word_1_211' title='bbox 2708 2866 2939 2932; x_wconf 91' lang='lat' dir='ltr'>atribus</span> 
     </span>
     <span class='ocr_line' id='line_1_27' title="bbox 408 2952 2939 3043; baseline 0 -25"><span class='ocrx_word' id='word_1_212' title='bbox 408 2965 553 3020; x_wconf 89' lang='lat' dir='ltr'>sunt</span> <span class='ocrx_word' id='word_1_213' title='bbox 619 2954 910 3035; x_wconf 90' lang='lat' dir='ltr'>collecta,</span> <span class='ocrx_word' id='word_1_214' title='bbox 983 2978 1100 3043; x_wconf 89' lang='lat' dir='ltr'>pro</span> <span class='ocrx_word' id='word_1_215' title='bbox 1170 2957 1423 3042; x_wconf 89' lang='lat' dir='ltr'>privatis</span> <span class='ocrx_word' id='word_1_216' title='bbox 1492 2953 1855 3022; x_wconf 89' lang='lat' dir='ltr'>commodis</span> <span class='ocrx_word' id='word_1_217' title='bbox 1925 2955 2273 3021; x_wconf 89' lang='lat' dir='ltr'>terminarii</span> <span class='ocrx_word' id='word_1_218' title='bbox 2349 2977 2485 3020; x_wconf 92' lang='lat' dir='ltr'>non</span> <span class='ocrx_word' id='word_1_219' title='bbox 2560 2952 2939 3040; x_wconf 88' lang='lat' dir='ltr'>expendant,</span> 
     </span>
     <span class='ocr_line' id='line_1_28' title="bbox 408 3040 2941 3129; baseline -0 -23"><span class='ocrx_word' id='word_1_220' title='bbox 408 3061 503 3107; x_wconf 87' lang='lat' dir='ltr'>set</span> <span class='ocrx_word' id='word_1_221' title='bbox 561 3054 961 3109; x_wconf 89' lang='lat' dir='ltr'>reserventur</span> <span class='ocrx_word' id='word_1_222' title='bbox 1009 3061 1070 3109; x_wconf 91' lang='lat' dir='ltr'>et</span> <span class='ocrx_word' id='word_1_223' title='bbox 1129 3054 1642 3129; x_wconf 88' lang='lat' dir='ltr'>represententur</span> <span class='ocrx_word' id='word_1_224' title='bbox 1690 3044 2067 3123; x_wconf 93' lang='lat' dir='ltr'>conventui,</span> <span class='ocrx_word' id='word_1_225' title='bbox 2124 3053 2193 3108; x_wconf 92' lang='lat' dir='ltr'>ut</span> <span class='ocrx_word' id='word_1_226' title='bbox 2245 3043 2312 3107; x_wconf 93' lang='lat' dir='ltr'>in</span> <span class='ocrx_word' id='word_1_227' title='bbox 2355 3043 2643 3109; x_wconf 88' lang='lat' dir='ltr'>vestiaria</span> <span class='ocrx_word' id='word_1_228' title='bbox 2700 3053 2762 3108; x_wconf 94' lang='lat' dir='ltr'>et</span> <span class='ocrx_word' id='word_1_229' title='bbox 2808 3040 2941 3106; x_wconf 89' lang='lat' dir='ltr'>aliis</span> 
     </span>
     <span class='ocr_line' id='line_1_29' title="bbox 410 3128 2941 3217; baseline 0 -24"><span class='ocrx_word' id='word_1_230' title='bbox 410 3131 834 3195; x_wconf 88' lang='lat' dir='ltr'>communitas</span> <span class='ocrx_word' id='word_1_231' title='bbox 883 3153 1020 3196; x_wconf 90' lang='lat' dir='ltr'>esse</span> <span class='ocrx_word' id='word_1_232' title='bbox 1074 3132 1295 3216; x_wconf 91' lang='lat' dir='ltr'>possit.</span> <span class='ocrx_word' id='word_1_233' title='bbox 1366 3131 1622 3196; x_wconf 93' lang='lat' dir='ltr'>Domos</span> <span class='ocrx_word' id='word_1_234' title='bbox 1672 3131 1890 3211; x_wconf 89' lang='lat' dir='ltr'>etiam,</span> <span class='ocrx_word' id='word_1_235' title='bbox 1948 3153 2070 3217; x_wconf 89' lang='lat' dir='ltr'>que</span> <span class='ocrx_word' id='word_1_236' title='bbox 2118 3128 2408 3195; x_wconf 90' lang='lat' dir='ltr'>dicuntur</span> <span class='ocrx_word' id='word_1_237' title='bbox 2454 3128 2745 3209; x_wconf 87' lang='lat' dir='ltr'>fratrum,</span> <span class='ocrx_word' id='word_1_238' title='bbox 2809 3130 2941 3193; x_wconf 90' lang='lat' dir='ltr'>sive</span> 
     </span>
     <span class='ocr_line' id='line_1_30' title="bbox 407 3214 2943 3305; baseline -0.001 -24"><span class='ocrx_word' id='word_1_239' title='bbox 407 3217 798 3303; x_wconf 89' lang='lat' dir='ltr'>receptacula</span> <span class='ocrx_word' id='word_1_240' title='bbox 867 3217 1257 3300; x_wconf 88' lang='lat' dir='ltr'>eorundem,</span> <span class='ocrx_word' id='word_1_241' title='bbox 1336 3219 1399 3284; x_wconf 91' lang='lat' dir='ltr'>in</span> <span class='ocrx_word' id='word_1_242' title='bbox 1471 3217 1694 3305; x_wconf 91' lang='lat' dir='ltr'>quibus</span> <span class='ocrx_word' id='word_1_243' title='bbox 1764 3235 2133 3297; x_wconf 90' lang='lat' dir='ltr'>vescuntur,</span> <span class='ocrx_word' id='word_1_244' title='bbox 2208 3227 2312 3282; x_wconf 89' lang='lat' dir='ltr'>aut</span> <span class='ocrx_word' id='word_1_245' title='bbox 2392 3214 2717 3281; x_wconf 91' lang='lat' dir='ltr'>dormiunt</span> <span class='ocrx_word' id='word_1_246' title='bbox 2784 3226 2943 3281; x_wconf 89' lang='lat' dir='ltr'>tam-</span> 
     </span>
     <span class='ocr_line' id='line_1_31' title="bbox 409 3301 2941 3392; baseline -0.001 -23"><span class='ocrx_word' id='word_1_247' title='bbox 409 3327 597 3390; x_wconf 85' lang='lat' dir='ltr'>quam</span> <span class='ocrx_word' id='word_1_248' title='bbox 643 3303 928 3391; x_wconf 89' lang='lat' dir='ltr'>hospites</span> <span class='ocrx_word' id='word_1_249' title='bbox 973 3305 1367 3392; x_wconf 79' lang='lat' dir='ltr'>principaleS,</span> <span class='ocrx_word' id='word_1_250' title='bbox 1434 3322 1883 3371; x_wconf 88' lang='lat' dir='ltr'>removeantur</span> <span class='ocrx_word' id='word_1_251' title='bbox 1931 3305 2201 3370; x_wconf 91' lang='lat' dir='ltr'>omnino</span> <span class='ocrx_word' id='word_1_252' title='bbox 2248 3305 2415 3389; x_wconf 83' lang='lat' dir='ltr'>juxta</span> <span class='ocrx_word' id='word_1_253' title='bbox 2472 3301 2941 3369; x_wconf 87' lang='lat' dir='ltr'>ordinationem</span> 
     </span>
     <span class='ocr_line' id='line_1_32' title="bbox 409 3389 2945 3481; baseline -0 -25"><span class='ocrx_word' id='word_1_254' title='bbox 409 3391 807 3476; x_wconf 90' lang='lat' dir='ltr'>provincialis</span> <span class='ocrx_word' id='word_1_255' title='bbox 856 3392 1133 3479; x_wconf 89' lang='lat' dir='ltr'>capituli,</span> <span class='ocrx_word' id='word_1_256' title='bbox 1192 3417 1314 3481; x_wconf 93' lang='lat' dir='ltr'>que</span> <span class='ocrx_word' id='word_1_257' title='bbox 1361 3390 1549 3458; x_wconf 91' lang='lat' dir='ltr'>debet</span> <span class='ocrx_word' id='word_1_258' title='bbox 1603 3391 1849 3478; x_wconf 89' lang='lat' dir='ltr'>publice</span> <span class='ocrx_word' id='word_1_259' title='bbox 1904 3392 2169 3458; x_wconf 87' lang='lat' dir='ltr'>recitari.</span> <span class='ocrx_word' id='word_1_260' title='bbox 2261 3391 2339 3458; x_wconf 90' lang='lat' dir='ltr'>Et</span> <span class='ocrx_word' id='word_1_261' title='bbox 2391 3412 2554 3476; x_wconf 89' lang='lat' dir='ltr'>pena</span> <span class='ocrx_word' id='word_1_262' title='bbox 2598 3389 2681 3456; x_wconf 86' lang='lat' dir='ltr'>ibi</span> <span class='ocrx_word' id='word_1_263' title='bbox 2738 3391 2945 3476; x_wconf 86' lang='lat' dir='ltr'>posita</span> 
     </span>
     <span class='ocr_line' id='line_1_33' title="bbox 410 3477 2943 3568; baseline -0 -25"><span class='ocrx_word' id='word_1_264' title='bbox 410 3481 759 3566; x_wconf 89' lang='lat' dir='ltr'>constringi</span> <span class='ocrx_word' id='word_1_265' title='bbox 807 3502 919 3546; x_wconf 92' lang='lat' dir='ltr'>eos</span> <span class='ocrx_word' id='word_1_266' title='bbox 950 3479 1124 3561; x_wconf 93' lang='lat' dir='ltr'>volo,</span> <span class='ocrx_word' id='word_1_267' title='bbox 1172 3482 1278 3568; x_wconf 94' lang='lat' dir='ltr'>qui</span> <span class='ocrx_word' id='word_1_268' title='bbox 1308 3492 1557 3547; x_wconf 90' lang='lat' dir='ltr'>utentes</span> <span class='ocrx_word' id='word_1_269' title='bbox 1588 3478 1799 3566; x_wconf 82' lang='lat' dir='ltr'>pallio,</span> <span class='ocrx_word' id='word_1_270' title='bbox 1844 3490 2140 3567; x_wconf 88' lang='lat' dir='ltr'>tanquam</span> <span class='ocrx_word' id='word_1_271' title='bbox 2175 3500 2310 3544; x_wconf 93' lang='lat' dir='ltr'>non</span> <span class='ocrx_word' id='word_1_272' title='bbox 2356 3480 2482 3544; x_wconf 89' lang='lat' dir='ltr'>sint</span> <span class='ocrx_word' id='word_1_273' title='bbox 2524 3479 2832 3565; x_wconf 91' lang='lat' dir='ltr'>ipsorum,</span> <span class='ocrx_word' id='word_1_274' title='bbox 2878 3477 2943 3542; x_wconf 92' lang='lat' dir='ltr'>in</span> 
     </span>
     <span class='ocr_line' id='line_1_34' title="bbox 410 3565 2944 3651; baseline -0 -20"><span class='ocrx_word' id='word_1_275' title='bbox 410 3566 773 3633; x_wconf 89' lang='lat' dir='ltr'>huiusmodi</span> <span class='ocrx_word' id='word_1_276' title='bbox 828 3566 1044 3634; x_wconf 91' lang='lat' dir='ltr'>edibus</span> <span class='ocrx_word' id='word_1_277' title='bbox 1093 3579 1574 3634; x_wconf 89' lang='lat' dir='ltr'>commorantur</span> <span class='ocrx_word' id='word_1_278' title='bbox 1632 3591 1780 3633; x_wconf 90' lang='lat' dir='ltr'>cum</span> <span class='ocrx_word' id='word_1_279' title='bbox 1836 3566 2119 3648; x_wconf 82' lang='lat' dir='ltr'>feminiS,</span> <span class='ocrx_word' id='word_1_280' title='bbox 2182 3567 2467 3633; x_wconf 90' lang='lat' dir='ltr'>viventes</span> <span class='ocrx_word' id='word_1_281' title='bbox 2528 3566 2592 3630; x_wconf 91' lang='lat' dir='ltr'>in</span> <span class='ocrx_word' id='word_1_282' title='bbox 2654 3565 2944 3651; x_wconf 89' lang='lat' dir='ltr'>expensis</span> 
     </span>
     <span class='ocr_line' id='line_1_35' title="bbox 410 3650 2942 3743; baseline -0 -24"><span class='ocrx_word' id='word_1_283' title='bbox 410 3654 697 3740; x_wconf 84' lang='lat' dir='ltr'>propriiS,</span> <span class='ocrx_word' id='word_1_284' title='bbox 744 3654 845 3721; x_wconf 90' lang='lat' dir='ltr'>vel</span> <span class='ocrx_word' id='word_1_285' title='bbox 892 3678 1044 3743; x_wconf 87' lang='lat' dir='ltr'>quas</span> <span class='ocrx_word' id='word_1_286' title='bbox 1092 3653 1398 3741; x_wconf 88' lang='lat' dir='ltr'>colligunt</span> <span class='ocrx_word' id='word_1_287' title='bbox 1445 3653 1898 3742; x_wconf 85' lang='lat' dir='ltr'>undecunque3</span> <span class='ocrx_word' id='word_1_288' title='bbox 1945 3677 2094 3720; x_wconf 89' lang='lat' dir='ltr'>nam</span> <span class='ocrx_word' id='word_1_289' title='bbox 2128 3652 2205 3719; x_wconf 92' lang='lat' dir='ltr'>de</span> <span class='ocrx_word' id='word_1_290' title='bbox 2253 3676 2321 3720; x_wconf 92' lang='lat' dir='ltr'>re</span> <span class='ocrx_word' id='word_1_291' title='bbox 2367 3654 2578 3740; x_wconf 90' lang='lat' dir='ltr'>potius</span> <span class='ocrx_word' id='word_1_292' title='bbox 2626 3675 2816 3740; x_wconf 89' lang='lat' dir='ltr'>quam</span> <span class='ocrx_word' id='word_1_293' title='bbox 2864 3650 2942 3719; x_wconf 93' lang='lat' dir='ltr'>de</span> 
     </span>
     <span class='ocr_line' id='line_1_36' title="bbox 411 3739 2945 3830; baseline 0.001 -26"><span class='ocrx_word' id='word_1_294' title='bbox 411 3743 674 3808; x_wconf 91' lang='lat' dir='ltr'>nomine</span> <span class='ocrx_word' id='word_1_295' title='bbox 735 3766 950 3809; x_wconf 88' lang='lat' dir='ltr'>curam</span> <span class='ocrx_word' id='word_1_296' title='bbox 1008 3766 1185 3829; x_wconf 72' lang='lat' dir='ltr'>gero,</span> <span class='ocrx_word' id='word_1_297' title='bbox 1278 3741 1380 3808; x_wconf 91' lang='lat' dir='ltr'>Ad</span> <span class='ocrx_word' id='word_1_298' title='bbox 1438 3742 1555 3809; x_wconf 90' lang='lat' dir='ltr'>hec</span> <span class='ocrx_word' id='word_1_299' title='bbox 1603 3745 1744 3830; x_wconf 88' lang='lat' dir='ltr'>quia</span> <span class='ocrx_word' id='word_1_300' title='bbox 1803 3743 2138 3809; x_wconf 89' lang='lat' dir='ltr'>cauciones</span> <span class='ocrx_word' id='word_1_301' title='bbox 2192 3742 2607 3827; x_wconf 88' lang='lat' dir='ltr'>pignoraticie</span> <span class='ocrx_word' id='word_1_302' title='bbox 2651 3739 2945 3808; x_wconf 91' lang='lat' dir='ltr'>videntur</span> 
     </span>
     <span class='ocr_line' id='line_1_37' title="bbox 410 3826 2946 3917; baseline 0 -24"><span class='ocrx_word' id='word_1_303' title='bbox 410 3826 678 3895; x_wconf 88' lang='lat' dir='ltr'>fraterne</span> <span class='ocrx_word' id='word_1_304' title='bbox 735 3828 883 3896; x_wconf 89' lang='lat' dir='ltr'>fidei</span> <span class='ocrx_word' id='word_1_305' title='bbox 932 3829 1282 3896; x_wconf 89' lang='lat' dir='ltr'>admodum</span> <span class='ocrx_word' id='word_1_306' title='bbox 1337 3829 1674 3915; x_wconf 88' lang='lat' dir='ltr'>derogare,</span> <span class='ocrx_word' id='word_1_307' title='bbox 1721 3829 2033 3917; x_wconf 90' lang='lat' dir='ltr'>prohibeo</span> <span class='ocrx_word' id='word_1_308' title='bbox 2081 3828 2502 3916; x_wconf 89' lang='lat' dir='ltr'>presentibus,</span> <span class='ocrx_word' id='word_1_309' title='bbox 2550 3851 2633 3894; x_wconf 91' lang='lat' dir='ltr'>ne</span> <span class='ocrx_word' id='word_1_310' title='bbox 2678 3828 2866 3895; x_wconf 91' lang='lat' dir='ltr'>frater</span> <span class='ocrx_word' id='word_1_311' title='bbox 2912 3852 2946 3893; x_wconf 89' lang='lat' dir='ltr'>a</span> 
     </span>
     <span class='ocr_line' id='line_1_38' title="bbox 411 3914 2946 4005; baseline 0.001 -26"><span class='ocrx_word' id='word_1_312' title='bbox 411 3914 596 3981; x_wconf 90' lang='lat' dir='ltr'>fratre</span> <span class='ocrx_word' id='word_1_313' title='bbox 643 3919 871 4003; x_wconf 90' lang='lat' dir='ltr'>pignus</span> <span class='ocrx_word' id='word_1_314' title='bbox 918 3919 1175 4005; x_wconf 89' lang='lat' dir='ltr'>recipiat</span> <span class='ocrx_word' id='word_1_315' title='bbox 1220 3917 1317 3984; x_wconf 94' lang='lat' dir='ltr'>vel</span> <span class='ocrx_word' id='word_1_316' title='bbox 1364 3929 1577 3984; x_wconf 88' lang='lat' dir='ltr'>teneat</span> <span class='ocrx_word' id='word_1_317' title='bbox 1626 3916 1704 3983; x_wconf 92' lang='lat' dir='ltr'>de</span> <span class='ocrx_word' id='word_1_318' title='bbox 1754 3929 2096 3984; x_wconf 90' lang='lat' dir='ltr'>conventu.</span> <span class='ocrx_word' id='word_1_319' title='bbox 2166 3915 2357 3983; x_wconf 91' lang='lat' dir='ltr'>Unde</span> <span class='ocrx_word' id='word_1_320' title='bbox 2403 3918 2510 4004; x_wconf 91' lang='lat' dir='ltr'>qui</span> <span class='ocrx_word' id='word_1_321' title='bbox 2553 3915 2746 3982; x_wconf 90' lang='lat' dir='ltr'>libros</span> <span class='ocrx_word' id='word_1_322' title='bbox 2794 3939 2946 3982; x_wconf 91' lang='lat' dir='ltr'>con-</span> 
     </span>
     <span class='ocr_line' id='line_1_39' title="bbox 412 4001 2944 4092; baseline 0.001 -26"><span class='ocrx_word' id='word_1_323' title='bbox 412 4020 638 4068; x_wconf 89' lang='lat' dir='ltr'>ventus</span> <span class='ocrx_word' id='word_1_324' title='bbox 683 4017 786 4071; x_wconf 89' lang='lat' dir='ltr'>aut</span> <span class='ocrx_word' id='word_1_325' title='bbox 833 4004 1095 4071; x_wconf 91' lang='lat' dir='ltr'>fratrum</span> <span class='ocrx_word' id='word_1_326' title='bbox 1142 4004 1255 4071; x_wconf 95' lang='lat' dir='ltr'>sub</span> <span class='ocrx_word' id='word_1_327' title='bbox 1303 4005 1427 4071; x_wconf 93' lang='lat' dir='ltr'>hoc</span> <span class='ocrx_word' id='word_1_328' title='bbox 1476 4004 1660 4072; x_wconf 89' lang='lat' dir='ltr'>titulo</span> <span class='ocrx_word' id='word_1_329' title='bbox 1708 4003 2067 4092; x_wconf 92' lang='lat' dir='ltr'>possident,</span> <span class='ocrx_word' id='word_1_330' title='bbox 2124 4002 2283 4070; x_wconf 88' lang='lat' dir='ltr'>infra</span> <span class='ocrx_word' id='word_1_331' title='bbox 2328 4027 2621 4071; x_wconf 91' lang='lat' dir='ltr'>mensem</span> <span class='ocrx_word' id='word_1_332' title='bbox 2678 4001 2944 4069; x_wconf 90' lang='lat' dir='ltr'>reddere</span> 
     </span>
     <span class='ocr_line' id='line_1_40' title="bbox 411 4090 2944 4179; baseline 0 -25"><span class='ocrx_word' id='word_1_333' title='bbox 411 4102 764 4172; x_wconf 89' lang='lat' dir='ltr'>teneantur,</span> <span class='ocrx_word' id='word_1_334' title='bbox 814 4104 876 4159; x_wconf 88' lang='lat' dir='ltr'>et</span> <span class='ocrx_word' id='word_1_335' title='bbox 917 4092 1137 4159; x_wconf 86' lang='lat' dir='ltr'>fratres</span> <span class='ocrx_word' id='word_1_336' title='bbox 1169 4094 1306 4159; x_wconf 89' lang='lat' dir='ltr'>sine</span> <span class='ocrx_word' id='word_1_337' title='bbox 1354 4091 1717 4159; x_wconf 89' lang='lat' dir='ltr'>difficultate</span> <span class='ocrx_word' id='word_1_338' title='bbox 1749 4091 2019 4173; x_wconf 89' lang='lat' dir='ltr'>solvant,</span> <span class='ocrx_word' id='word_1_339' title='bbox 2068 4090 2240 4179; x_wconf 92' lang='lat' dir='ltr'>quod</span> <span class='ocrx_word' id='word_1_340' title='bbox 2287 4112 2513 4158; x_wconf 92' lang='lat' dir='ltr'>mutuo</span> <span class='ocrx_word' id='word_1_341' title='bbox 2546 4102 2944 4177; x_wconf 89' lang='lat' dir='ltr'>acceperunt.</span> 
     </span>
     <span class='ocr_line' id='line_1_41' title="bbox 411 4177 2946 4267; baseline 0.001 -26"><span class='ocrx_word' id='word_1_342' title='bbox 411 4177 844 4246; x_wconf 89' lang='lat' dir='ltr'>Dilectionem</span> <span class='ocrx_word' id='word_1_343' title='bbox 890 4182 1080 4267; x_wconf 88' lang='lat' dir='ltr'>igitur</span> <span class='ocrx_word' id='word_1_344' title='bbox 1124 4192 1398 4247; x_wconf 89' lang='lat' dir='ltr'>vestram</span> <span class='ocrx_word' id='word_1_345' title='bbox 1444 4203 1688 4246; x_wconf 91' lang='lat' dir='ltr'>moneo</span> <span class='ocrx_word' id='word_1_346' title='bbox 1736 4198 1800 4247; x_wconf 93' lang='lat' dir='ltr'>et</span> <span class='ocrx_word' id='word_1_347' title='bbox 1833 4180 2138 4247; x_wconf 87' lang='lat' dir='ltr'>exhortor</span> <span class='ocrx_word' id='word_1_348' title='bbox 2183 4180 2250 4244; x_wconf 92' lang='lat' dir='ltr'>in</span> <span class='ocrx_word' id='word_1_349' title='bbox 2299 4178 2589 4259; x_wconf 91' lang='lat' dir='ltr'>domin0,</span> <span class='ocrx_word' id='word_1_350' title='bbox 2636 4189 2946 4265; x_wconf 89' lang='lat' dir='ltr'>quatenus</span> 
     </span>
     <span class='ocr_line' id='line_1_42' title="bbox 412 4264 2947 4355; baseline 0.001 -26"><span class='ocrx_word' id='word_1_351' title='bbox 412 4264 530 4330; x_wconf 91' lang='lat' dir='ltr'>hiis</span> <span class='ocrx_word' id='word_1_352' title='bbox 579 4277 640 4332; x_wconf 93' lang='lat' dir='ltr'>et</span> <span class='ocrx_word' id='word_1_353' title='bbox 686 4265 850 4349; x_wconf 85' lang='lat' dir='ltr'>aliis,</span> <span class='ocrx_word' id='word_1_354' title='bbox 910 4290 1032 4355; x_wconf 93' lang='lat' dir='ltr'>que</span> <span class='ocrx_word' id='word_1_355' title='bbox 1077 4267 1256 4335; x_wconf 90' lang='lat' dir='ltr'>vobis</span> <span class='ocrx_word' id='word_1_356' title='bbox 1303 4267 1608 4334; x_wconf 89' lang='lat' dir='ltr'>servanda</span> <span class='ocrx_word' id='word_1_357' title='bbox 1667 4280 1774 4335; x_wconf 88' lang='lat' dir='ltr'>aut</span> <span class='ocrx_word' id='word_1_358' title='bbox 1819 4265 2096 4334; x_wconf 88' lang='lat' dir='ltr'>cavenda</span> <span class='ocrx_word' id='word_1_359' title='bbox 2151 4268 2216 4332; x_wconf 91' lang='lat' dir='ltr'>in</span> <span class='ocrx_word' id='word_1_360' title='bbox 2265 4268 2498 4354; x_wconf 89' lang='lat' dir='ltr'>scripto</span> <span class='ocrx_word' id='word_1_361' title='bbox 2546 4265 2797 4353; x_wconf 91' lang='lat' dir='ltr'>reliqui,</span> <span class='ocrx_word' id='word_1_362' title='bbox 2854 4266 2947 4331; x_wconf 91' lang='lat' dir='ltr'>in-</span> 
     </span>
     <span class='ocr_line' id='line_1_43' title="bbox 411 4351 2946 4443; baseline 0 -26"><span class='ocrx_word' id='word_1_363' title='bbox 411 4351 680 4419; x_wconf 90' lang='lat' dir='ltr'>tendatis</span> <span class='ocrx_word' id='word_1_364' title='bbox 750 4353 911 4422; x_wconf 90' lang='lat' dir='ltr'>adeo</span> <span class='ocrx_word' id='word_1_365' title='bbox 980 4354 1337 4441; x_wconf 89' lang='lat' dir='ltr'>vigilanter,</span> <span class='ocrx_word' id='word_1_366' title='bbox 1404 4354 1578 4443; x_wconf 94' lang='lat' dir='ltr'>quod</span> <span class='ocrx_word' id='word_1_367' title='bbox 1640 4354 1719 4421; x_wconf 92' lang='lat' dir='ltr'>de</span> <span class='ocrx_word' id='word_1_368' title='bbox 1786 4353 2155 4421; x_wconf 89' lang='lat' dir='ltr'>obediencia</span> <span class='ocrx_word' id='word_1_369' title='bbox 2217 4355 2447 4420; x_wconf 89' lang='lat' dir='ltr'>merito</span> <span class='ocrx_word' id='word_1_370' title='bbox 2509 4351 2946 4420; x_wconf 87' lang='lat' dir='ltr'>commendari</span> 
     </span>
     <span class='ocr_line' id='line_1_44' title="bbox 410 4440 2943 4530; baseline 0.001 -26"><span class='ocrx_word' id='word_1_371' title='bbox 410 4442 665 4525; x_wconf 89' lang='lat' dir='ltr'>possitis</span> <span class='ocrx_word' id='word_1_372' title='bbox 709 4453 771 4508; x_wconf 91' lang='lat' dir='ltr'>et</span> <span class='ocrx_word' id='word_1_373' title='bbox 811 4442 1038 4508; x_wconf 90' lang='lat' dir='ltr'>nullius</span> <span class='ocrx_word' id='word_1_374' title='bbox 1085 4444 1431 4530; x_wconf 87' lang='lat' dir='ltr'>asperitatis</span> <span class='ocrx_word' id='word_1_375' title='bbox 1473 4444 1785 4510; x_wconf 89' lang='lat' dir='ltr'>correctio</span> <span class='ocrx_word' id='word_1_376' title='bbox 1843 4441 2070 4508; x_wconf 78' lang='lat' dir='ltr'>afficiat</span> <span class='ocrx_word' id='word_1_377' title='bbox 2109 4441 2482 4528; x_wconf 80' lang='lat' dir='ltr'>neglienteS.</span> <span class='ocrx_word' id='word_1_378' title='bbox 2552 4440 2776 4507; x_wconf 84' lang='lat' dir='ltr'>Valete</span> <span class='ocrx_word' id='word_1_379' title='bbox 2825 4452 2943 4507; x_wconf 89' lang='lat' dir='ltr'>etc.</span> 
     </span>
    </p>
   </div>
   <div class='ocr_carea' id='block_1_7' title="bbox 498 4586 725 4591">
    <p class='ocr_par' dir='ltr' id='par_1_8' title="bbox 498 4586 725 4591">
     <span class='ocr_line' id='line_1_45' title="bbox 498 4586 725 4591; baseline 0 0"><span class='ocrx_word' id='word_1_380' title='bbox 498 4586 725 4591; x_wconf 95' lang='lat' dir='ltr'> </span> 
     </span>
    </p>
   </div>
   <div class='ocr_carea' id='block_1_8' title="bbox 731 4587 901 4592">
    <p class='ocr_par' dir='ltr' id='par_1_9' title="bbox 731 4587 901 4592">
     <span class='ocr_line' id='line_1_46' title="bbox 731 4587 901 4592; baseline 0 0"><span class='ocrx_word' id='word_1_381' title='bbox 731 4587 901 4592; x_wconf 95' lang='lat' dir='ltr'> </span> 
     </span>
    </p>
   </div>
   <div class='ocr_carea' id='block_1_9' title="bbox 622 4650 891 4720">
    <p class='ocr_par' dir='ltr' id='par_1_10' title="bbox 622 4650 891 4720">
     <span class='ocr_line' id='line_1_47' title="bbox 622 4650 891 4720; baseline 0.011 -18"><span class='ocrx_word' id='word_1_382' title='bbox 622 4650 733 4704; x_wconf 87' lang='lat' dir='ltr'>Fol.</span> <span class='ocrx_word' id='word_1_383' title='bbox 777 4667 891 4720; x_wconf 83' lang='lat'>130.</span> 
     </span>
    </p>
   </div>
  </div>
 </body>
</html>
