3505 5335
386 373 430 442 J.
476 373 623 426 1288.
1558 369 1744 422 Briefe.
2792 371 2815 414 I
2837 372 2858 414 Ι
2881 369 2911 433 5

388 531 557 618 prius
622 529 699 596 ad
763 529 1023 595 fratrum
1088 552 1164 595 an
1228 529 1306 596 ad
1366 527 1817 616 parrochialem
1887 525 2215 593 ecclesiam
2284 525 2660 592 deferantur.
2761 527 2916 593 Non

390 618 590 686 multo
639 629 786 706 post
830 636 1141 703 tempore,
1189 636 1257 684 ut
1289 617 1513 698 dicitis,
1560 616 1718 683 facte
1760 627 1907 682 sunt
1951 616 2176 681 iniurie
2222 612 2729 680 innumerabiles.
2809 615 2919 681 Set

389 730 468 773 ne
517 707 641 772 hoc
689 717 1059 793 preteream,
1109 703 1283 792 quod
1316 705 1394 772 de
1428 704 2091 771 excommunicatione
2139 702 2444 769 subtiliter
2475 714 2681 769 vestra
2712 703 2918 768 innuit

391 793 673 882 epistola,
720 794 1044 873 noveritiS,
1092 791 1268 880 quod
1315 793 1504 859 nichil
1553 793 1951 859 commisisse
1999 790 2099 857 vel
2145 791 2549 858 committere
2594 789 2915 871 volumuS,

390 906 505 969 pro
553 905 681 970 quo
731 883 1407 948 excommunicationis
1453 881 1835 947 sententiam
1881 878 2160 945 incidere
2208 878 2568 945 debeamus

604 1101 620 1130 ¹
660 1092 1036 1146 consuetidinis
1073 1091 1176 1145 HS.
1324 1098 1345 1127 '2
1381 1092 1662 1144 auctoritas
1700 1091 1803 1145 HS.
1954 1098 1974 1127 ³³
2009 1091 2222 1144 Decret.
2262 1091 2427 1161 Greg.
2466 1091 2558 1145 IX.
2604 1091 2670 1143 V.
2716 1106 2793 1158 31.
2837 1089 2916 1143 16.

393 1174 412 1200 ⁴
462 1164 769 1217 cessationis
807 1163 910 1217 HS.
1057 1169 1078 1198 ὃ
1123 1162 1337 1215 Decret.
1378 1161 1541 1231 Greg.
1582 1162 1673 1216 IX.
1712 1163 1778 1215 V.
1824 1164 1900 1228 38.
1949 1177 2025 1214 12.
2172 1168 2194 1197 ⁶
2238 1161 2323 1213 De
2361 1177 2518 1231 poen.
2562 1179 2606 1214 c.
2645 1159 2731 1214 86.
2770 1160 2837 1213 D.
2878 1160 2916 1213 I.

601 1357 712 1411 Fol.
761 1371 1048 1425 144—147.
1124 1355 1248 1426 Vgl.
1287 1355 1590 1425 Einleitung
1630 1355 1681 1408 S.
1727 1370 1805 1423 30.

1613 1564 1714 1631 92.

603 1724 960 1809 Provinzial
991 1718 1370 1814 (Hermann)
1417 1723 1674 1788 schreibt
1719 1744 1801 1788 an
1832 1723 2086 1810 Bischof
2111 1719 2461 1813 (Heinrich)
2508 1745 2626 1788 von
2658 1723 2916 1809 Regens-

393 1814 548 1898 burg
593 1813 740 1878 aber
784 1812 879 1876 die
908 1811 1342 1877 Beschwerden
1386 1811 1487 1875 des
1519 1810 1973 1897 Regensburger
2005 1809 2228 1876 Klerus
2268 1833 2460 1897 gagen
2505 1810 2599 1875 die
2631 1811 2915 1876 Domini-

393 1901 580 1966 kaner
626 1900 752 1966 und
796 1900 961 1965 bittet
1007 1923 1109 1965 um
1161 1900 1620 1985 Verlc‘ingerung
1664 1899 1764 1964 des
1812 1898 2192 1964 bestehenden
2247 1899 2563 1985 Vertrages
2610 1898 2919 1985 beziiglich

393 1989 499 2054 der
559 1988 1098 2075 Totenbestattung.
1193 1983 1445 2077 (1288.)

601 2112 763 2177 Item
789 2109 866 2176 ad
892 2111 1262 2197 episcopum
1290 2108 1584 2176 eundem.
1634 2108 1991 2175 Venerabili
2030 2110 2184 2196 patri
2213 2107 2480 2174 domino
2506 2132 2576 2174 ac
2610 2111 2770 2196 patri
2796 2122 2913 2176 etc.

394 2199 471 2265 de
503 2222 698 2286 grege
732 2199 846 2264 sibi
879 2197 1118 2265 credito
1151 2197 1386 2264 fructus
1420 2198 1534 2263 sibi
1568 2196 1864 2283 colligere
1897 2198 2341 2283 sempiternos
2411 2197 2682 2263 Noverit
2713 2210 2918 2264 vestra

393 2289 772 2368 reverencia,
820 2285 994 2374 quod
1040 2288 1255 2352 venire
1305 2285 1585 2373 disposui
1633 2287 2068 2372 Ratisponam,
2123 2287 2280 2350 sicut
2328 2284 2661 2371 aliquando
2709 2285 2917 2351 vobis-

395 2399 537 2440 cum
586 2386 1017 2455 tractaveram,
1065 2385 1162 2440 set
1199 2397 1342 2440 cum
1393 2397 1600 2440 essem
1632 2373 2069 2454 Nurenberch,
2116 2372 2455 2439 revocabar
2485 2396 2701 2439 versus
2736 2375 2918 2440 War-

395 2464 660 2528 maciam
707 2461 784 2528 ad
831 2461 1223 2528 tractandum
1271 2485 1416 2528 cum
1466 2461 1700 2528 civibus
1732 2460 2301 2548 Argentinensibus
2349 2460 2427 2527 de
2468 2461 2810 2528 concordia
2857 2475 2919 2528 et

397 2574 598 2631 causa,
646 2573 768 2638 que
800 2552 962 2617 inter
1009 2571 1126 2616 nos
1158 2551 1419 2617 vertitur
1466 2561 1650 2637 atque
1699 2551 1890 2636 ipsos,
1969 2549 2306 2617 Referente
2350 2560 2561 2615 autem
2594 2551 2917 2617 carissimo

395 2640 459 2705 in
504 2639 761 2706 Christo
813 2693 826 2705 .
879 2693 891 2706 .
942 2639 1151 2726 priore
1183 2639 1631 2726 Ratisponensi
1679 2637 1887 2720 didici,
1936 2637 2108 2726 quod
2156 2636 2357 2705 adhuc
2403 2639 2568 2705 inter
2615 2636 2917 2706 dominos

395 2729 739 2794 canonicos
786 2728 1282 2815 Ratisponenses
1331 2747 1392 2794 et
1438 2726 1655 2793 fratres
1703 2739 2061 2813 perseverat
2110 2725 2332 2792 odiosa
2379 2727 2679 2809 simultaS,
2772 2752 2915 2794 uam

396 2839 540 2903 ego,
599 2828 667 2883 ut
711 2817 913 2903 potui,
970 2817 1035 2881 in
1082 2815 1476 2903 Erbipolensi
1533 2815 1806 2882 concilio
1866 2816 2101 2881 interce
2150 2816 2188 2896 i,
2246 2838 2367 2903 que
2425 2816 2662 2881 utinam
2720 2751 2917 2882 finem

395 2905 651 2991 accipiat
698 2903 1070 2991 aliquand03
1119 2903 1196 2970 ad
1226 2903 1400 2992 quod
1445 2926 1550 2969 me
1595 2902 1860 2969 libenter
1892 2904 2085 2990 inpen
2134 2926 2328 2984 erem,
2377 2904 2428 2968 si
2475 2926 2609 2969 non
2643 2902 2918 2970 obstaret

396 2994 553 3057 iusta
599 2991 998 3079 quorundam
1045 2991 1483 3073 contradictiO,
1541 2993 1646 3079 qui
1694 3015 1828 3057 non
1873 2993 2201 3078 paciuntur
2250 2992 2683 3077 equanimiter,
2746 2991 2920 3080 quod

397 3078 473 3144 de
521 3078 834 3165 sepultura
879 3079 1126 3145 libertas
1173 3078 1481 3165 privilegii
1529 3078 1933 3145 convellatur.
2026 3080 2227 3144 Porro
2275 3078 2421 3145 licet
2466 3092 2795 3146 revocatus
2844 3079 2920 3146 ad

398 3165 509 3231 alia
557 3168 827 3252 negocia
870 3189 1061 3252 cogar
1108 3189 1370 3232 manum
1419 3168 1690 3247 mittere,
1738 3168 2023 3231 animum
2070 3178 2287 3232 tamen
2333 3169 2550 3232 nescio
2599 3169 2920 3234 remittere

397 3253 474 3319 ad
521 3254 644 3319 hoc
694 3256 994 3320 continue
1042 3253 1462 3335 anhelantem,
1522 3266 1589 3320 ut
1644 3256 1807 3319 inter
1855 3252 2092 3320 clerum
2142 3266 2204 3320 et
2258 3253 2474 3320 fratres
2529 3254 2652 3321 litis
2700 3254 2920 3321 dissol-

397 3361 621 3408 vantur
666 3341 914 3408 vincula
963 3353 1025 3408 et
1069 3343 1237 3429 pacis
1284 3341 1494 3408 federa
1543 3343 1983 3427 astringantur.
2071 3343 2337 3428 Propter
2384 3342 2557 3429 quod
2604 3355 2921 3429 acceptata

396 3428 511 3496 fuit
555 3428 824 3496 formula
857 3429 1126 3517 quedam
1173 3432 1367 3496 instar
1399 3429 1634 3495 habens
1680 3442 2066 3516 treugarum,
2115 3452 2257 3516 que,
2307 3453 2451 3496 cum
2500 3429 2690 3497 nichil
2723 3453 2918 3497 nova-

396 3529 585 3599 retur,
634 3536 924 3605 tempore
974 3520 1224 3585 evanuit
1268 3516 1584 3604 prefinitO.
1673 3518 1782 3583 Set
1830 3529 1897 3584 ut
1943 3519 2169 3584 iterum
2219 3540 2361 3604 spes
2410 3541 2545 3584 esse
2593 3520 2793 3606 possit
2841 3519 2918 3585 de

395 3605 863 3672 reformacione
897 3605 1242 3672 concordie
1281 3606 1644 3693 irrequisitis
1683 3605 1991 3687 fratribus,
2031 3624 2233 3672 ratum
2268 3617 2502 3688 tamen,
2551 3609 2602 3672 si
2634 3619 2804 3674 recte
2843 3607 2921 3674 de

397 3696 544 3781 ipsis
577 3696 818 3775 senci0,
868 3694 1184 3775 habituriS,
1219 3694 1341 3760 hoc
1379 3695 1734 3781 paternitati
1766 3706 1974 3760 vestre
2015 3693 2240 3775 offero,
2288 3694 2461 3781 quod
2510 3695 2672 3761 dicta
2716 3695 2921 3762 forma

397 3784 645 3863 iterum,
694 3805 890 3869 usque
940 3782 1089 3848 dum
1139 3782 1216 3849 ad
1246 3806 1364 3849 vos
1411 3781 1709 3848 accedere
1756 3782 2018 3864 valeam,
2066 3780 2167 3848 vel
2212 3805 2410 3870 usque
2454 3782 2531 3849 ad
2577 3784 2920 3850 triennium

398 3870 782 3938 observetur.
876 3871 952 3937 Et
1007 3872 1126 3936 nisi
1187 3870 1463 3937 obstaret
1521 3893 1808 3936 murmur
1855 3870 2213 3951 hominurn,
2271 3872 2377 3957 qui
2425 3870 2502 3937 de
2551 3872 2921 3959 corporibus

398 3960 522 4024 suis
584 3958 845 4026 horrent
909 3958 1045 4025 fore
1112 3958 1556 4045 spectaculum,
1623 3970 1684 4025 et
1748 3960 1800 4023 si
1868 3957 2050 4024 dolus
2118 3958 2749 4041 circumscriberetur,
2817 3963 2921 4048 qui

398 4058 614 4131 posset
672 4047 970 4128 incidere,
1035 4048 1087 4112 si
1142 4048 1404 4132 portatis
1451 4044 1530 4113 ad
1588 4045 2043 4134 parrochialem
2092 4045 2418 4112 ecclesiam
2478 4046 2798 4114 funeribus
2846 4073 2922 4114 ex

397 4134 699 4201 industria
752 4146 1202 4222 prorogaretur
1250 4134 1554 4216 officium,
1612 4157 1736 4221 ego
1796 4157 1931 4200 non
1990 4158 2195 4201 essem
2244 4133 2513 4201 difficilis
2560 4135 2637 4202 ad
2694 4159 2923 4201 conce-

400 4221 701 4303 dendum,
750 4246 871 4311 que
920 4221 1353 4311 postula(s)tis
1402 4246 1545 4289 cum
1595 4222 1803 4310 aliquo
1851 4221 2433 4311 te(m)peramento
2483 4224 2767 4311 quamvis
2816 4224 2920 4289 ali-

441 4309 658 4376 ualiter
719 4334 1020 4377 oneroso.
1114 4311 1222 4378 Set
1279 4311 1356 4377 de
1415 4310 1558 4391 hoc,
1624 4334 1744 4398 que
1804 4309 2161 4377 sollicitudo
2221 4334 2367 4376 cum
2468 4323 2682 4377 aterna
2728 4314 2923 4397 gratia

445 4398 539 4463 liis
587 4422 1003 4485 compensare
1048 4400 1249 4485 possit
1295 4398 1573 4478 faciliter,
1622 4397 1856 4486 siquid
1904 4397 1981 4464 de
2026 4400 2159 4464 iure
2193 4422 2311 4464 suo
2360 4334 2464 4465 aci)
2471 4411 2741 4466 vestram
2773 4422 2921 4487 pro-

399 4486 765 4552 merendam
815 4485 1314 4553 benivolenciam
1351 4486 1681 4573 deperiret,
1730 4485 1932 4552 adhuc
1965 4486 2160 4553 multa
2205 4486 2503 4553 haberem
2548 4486 2728 4553 vobis
2776 4490 2923 4553 scri-

397 4574 546 4640 bere
592 4594 686 4641 set
732 4574 932 4640 modo
981 4594 1233 4661 portare
1270 4575 1530 4641 forsitan
1580 4598 1713 4640 non
1763 4576 2047 4661 potestiS,
2096 4585 2193 4640 set
2231 4598 2370 4657 oro,
2418 4577 2629 4642 veniat
2674 4577 2932 4663 spiritus

396 4665 669 4729 veritatis
718 4674 780 4729 et
813 4662 1056 4744 doceat,
1104 4687 1292 4750 quam
1341 4662 1707 4750 inequaliter
1751 4664 1955 4749 agitur
1987 4681 2207 4729 contra
2251 4662 2467 4729 fratres
2485 4668 2528 4745 1,
2579 4683 2640 4731 et
2685 4675 2921 4745 tamen,

2661 4788 2713 4830 S*
