3505 5335
391 355 434 424 J.
482 356 631 406 1288.
1566 353 1755 406 Briefe.
2803 358 2826 401 Ι
2838 358 2922 420 09

391 534 588 578 onere
619 513 1085 598 transmigrare.
1164 513 1511 578 Licentiam
1562 512 1793 598 petitiS,
1841 530 1935 577 set
1982 510 2232 577 licentie
2266 510 2435 577 datio
2471 522 2565 577 est
2596 510 2921 578 cuiusdam

389 622 663 686 persone
694 599 1010 681 alienatio,
1059 599 1172 666 sed
1204 600 1472 667 alienare
1520 622 1657 665 rem
1690 599 2016 686 provincie
2064 599 2220 664 mihi
2267 599 2387 664 soli
2420 621 2555 664 non
2589 601 2919 686 competit,

391 698 454 753 et
509 688 561 753 si
620 689 948 774 competit,
1006 689 1313 755 renuncio
1372 689 1487 754 iuri
1546 711 1716 768 me0,
1779 706 1843 752 ut
1901 684 1980 752 de
2037 687 2161 752 hoc
2216 698 2491 753 statuant
2546 685 2922 754 diffinitores

390 775 658 862 capituli,
706 777 868 842 sicut
912 775 1133 863 placet.
1210 777 1557 842 Licentiam
1607 777 1837 862 petitis,
1886 786 1982 841 set
2025 775 2148 840 hoc
2196 786 2415 861 posset
2460 773 2596 840 fieri
2628 774 2706 841 ad
2754 773 2923 842 ordi-

389 886 537 929 nem
595 864 915 930 artiorem.
1007 864 1175 929 Illius
1229 874 1440 929 autem
1500 875 1562 929 et
1618 861 1859 928 ordinis
1925 863 2124 929 nostri
2184 864 2730 949 comparationem
2787 885 2921 928 non

389 949 572 1031 facio,
621 952 739 1016 nisi
786 953 1158 1039 inquantum
1195 951 1351 1017 mihi
1394 951 1804 1016 occasionem
1838 961 2044 1016 vestre
2089 949 2293 1016 littere
2325 951 2753 1037 prestiterunt.
2829 949 2919 1016 Ibi

388 1036 628 1105 dixistis
674 1041 843 1126 pasci
890 1039 1124 1106 bovem
1172 1050 1235 1105 et
1281 1040 1550 1119 asinum,
1598 1060 1871 1125 quorum
1919 1039 2410 1104 associationem
2459 1040 2589 1125 ipsa
2636 1038 2735 1105 lex
2776 1039 2920 1104 Mo-

387 1149 571 1214 sayca
627 1127 1026 1214 improbavit,
1082 1125 1246 1214 apud
1304 1149 1424 1192 nos
1470 1137 1679 1192 autem
1729 1125 1940 1191 solum
1996 1124 2195 1191 boves
2253 1137 2422 1206 sunt,
2479 1127 2712 1192 astricti
2768 1125 2920 1192 loris

387 1213 770 1295 obedientie,
804 1215 990 1302 plene
1023 1216 1402 1295 maturitate,
1435 1215 1828 1280 ruminantes
1860 1215 2171 1294 oratione,
2220 1212 2582 1280 scindentes
2616 1213 2918 1300 ungulam

386 1301 791 1383 discretione,
847 1325 1055 1369 aream
1116 1301 1502 1368 dominicam
1563 1303 1946 1382 trituranteS,
1992 1301 2224 1367 vitulos
2281 1300 2600 1367 sacrificiis
2655 1313 2839 1389 aptos
2885 1326 2920 1367 a

386 1390 725 1457 bestiarum
758 1391 1010 1456 incursu
1046 1389 1319 1456 duorum
1353 1400 1887 1456 testamentorum
1919 1388 2216 1454 cornibus
2244 1387 2680 1456 defendentes,
2728 1389 2919 1476 Apud

387 1500 503 1543 vos
551 1501 816 1565 presepe
864 1477 1078 1544 haberi
1126 1476 1348 1559 dicitis,
1399 1499 1553 1563 ergo
1602 1488 1815 1564 pastus
1861 1489 2087 1557 certus,
2135 1499 2256 1543 nos
2303 1499 2457 1543 vero
2506 1501 2653 1543 cum
2700 1478 2920 1544 volati-

385 1565 542 1631 libus
577 1565 693 1632 celi
725 1589 860 1631 non
895 1588 1363 1652 congregamus
1395 1567 1460 1630 in
1495 1565 1722 1630 horrea
1770 1578 1830 1631 et
1862 1584 2078 1631 tamen
2112 1563 2305 1631 edent
2337 1588 2643 1652 pauperes
2694 1585 2754 1632 et
2793 1565 2919 1632 lau-

385 1651 536 1720 dant
582 1653 941 1734 dominum,
987 1677 1177 1741 quem
1227 1655 1569 1741 requirunt.
1653 1651 1765 1733 Ibi,
1814 1664 1883 1719 ut
1931 1651 2152 1734 dicitis,
2201 1675 2505 1740 pauperes
2552 1676 2686 1719 non
2736 1654 2917 1720 emit-

383 1752 619 1823 tuntur,
679 1740 843 1829 apud
891 1765 1011 1807 nos
1068 1764 1374 1828 pauperes
1422 1740 1972 1827 ewangelizantur,
2032 1740 2115 1806 ibi
2162 1740 2511 1807 secundum
2560 1764 2678 1808 vos
2731 1764 2917 1808 sexus

383 1827 696 1895 femineus
744 1852 877 1895 non
925 1830 1232 1916 reperitur
1278 1830 1342 1894 in
1389 1839 1591 1916 porta,
1648 1829 1746 1895 cui
1794 1829 2099 1916 positioni
2146 1851 2280 1894 non
2328 1828 2715 1916 respondeo,
2773 1830 2916 1916 quia

383 1929 594 1983 utrum
650 1929 833 2003 porte
888 1917 989 1983 vel
1047 1917 1313 1983 triclinia
1375 1916 1511 2004 plus
1568 1916 1876 1983 valuerint
1937 1915 2014 1982 ad
2072 1914 2486 1997 demeritum,
2544 1916 2917 1983 decernatur

382 2003 615 2070 iudicio
665 2017 1091 2091 expertorum.
1184 2005 1256 2070 In
1313 2004 1420 2070 illo
1469 2002 1694 2071 ordine
1740 2006 1887 2091 juge
1943 2015 2223 2070 servatur
2269 2003 2609 2086 silentium,
2668 2007 2733 2070 in
2791 2005 2913 2071 isto

382 2093 612 2178 linguis
657 2092 975 2180 loquimur
1007 2093 1367 2173 hominum,
1416 2094 1566 2180 quin
1600 2093 1799 2158 eciam
1834 2091 2228 2177 angelorum.
2306 2091 2656 2158 Licentiam
2704 2093 2915 2180 petitis

383 2191 447 2246 et
491 2179 753 2261 adicitis,
811 2179 985 2268 quod
1046 2181 1171 2246 iam
1220 2179 1564 2267 recipiendi
1620 2191 1879 2246 nostros
1934 2179 2249 2246 licentiam
2309 2178 2530 2246 habeat
2577 2178 2740 2245 ordo
2788 2180 2909 2246 ille.

384 2268 572 2334 Forte
604 2288 865 2334 vacante
907 2267 1058 2334 sede
1105 2268 1453 2355 apostolica
1498 2268 1717 2354 aliquis
1766 2266 1844 2333 de
1892 2265 2209 2333 abbatibus
2259 2266 2383 2332 hoc
2431 2266 2707 2333 indulsit.
2787 2268 2912 2333 Sed

382 2378 503 2421 nos
536 2357 789 2437 scimuS,
822 2368 1128 2444 quantum
1161 2356 1458 2443 prohibiti
1489 2357 1634 2435 sint,
1669 2378 1749 2420 ne
1783 2354 2003 2420 falcem
2039 2377 2217 2420 suam
2244 2356 2496 2420 mittant
2526 2356 2590 2420 in
2624 2367 2909 2441 segetem

381 2443 669 2509 alienam.
747 2445 886 2511 Nec
934 2467 1054 2510 nos
1103 2467 1388 2509 caremus
1420 2443 1772 2529 privilegiO,
1821 2441 1993 2530 quod
2040 2454 2352 2529 apostatas
2401 2462 2659 2508 nostros
2691 2466 2915 2529 possu-

382 2555 523 2597 mus
557 2533 1132 2612 excommunicare,
1180 2553 1423 2617 capere,
1469 2530 1659 2616 ligare
1694 2553 1765 2596 ac
1809 2531 1955 2596 alias
1987 2529 2255 2596 subdere
2289 2529 2529 2596 ordinis
2563 2529 2910 2616 discipline,

382 2621 442 2684 in
493 2642 872 2708 quocunque
922 2619 1132 2686 habitu
1181 2620 1599 2686 inveniantur.
1682 2618 2127 2685 Consolamini
2174 2619 2361 2704 igitur
2410 2620 2471 2684 in
2522 2619 2639 2685 hiis
2685 2618 2911 2686 verbiS.

592 2830 704 2884 Fol.
744 2842 880 2901 94V.
954 2831 1065 2883 Der
1102 2831 1341 2883 Hinweis
1380 2830 1475 2882 auf
1507 2829 1589 2881 die
1624 2830 1839 2882 Vakanz
1879 2829 1971 2881 des
2011 2829 2081 2883 hl.
2121 2829 2332 2882 Stuhles
2372 2831 2588 2899 zwingt,
2629 2829 2729 2882 den
2771 2829 2921 2883 Brief

383 2919 518 2970 nach
566 2918 693 2986 1287
733 2918 881 2988 April
927 2934 948 2987 3
992 2936 1054 2970 zu
1094 2927 1289 2983 setzen,
1329 2935 1395 2970 an
1434 2917 1700 2970 welchem
1727 2917 1882 2986 Tage
1922 2916 2014 2969 der
2052 2926 2190 2970 erste
2217 2918 2376 2987 Papst
2417 2926 2568 2970 unter
2606 2918 2906 2970 Hermanns

383 3005 745 3070 Provinzialat,
787 3005 1054 3058 Honorius
1093 3006 1202 3071 IV.‚
1242 3005 1398 3058 starb.

1592 3179 1692 3246 88.

587 3303 841 3390 Bischof
858 3300 1216 3393 (Mangold)
1243 3325 1359 3367 von
1396 3302 1482 3366 W
1479 3302 1749 3389 ilrzbu-rg
1772 3302 2040 3389 schliesst
2073 3304 2240 3367 einen
2272 3303 2331 3366 V
2322 3302 2579 3387 ergleich
2611 3303 2910 3387 (wischen

377 3390 510 3454 dem
543 3390 1062 3477 Provinzialprior
1094 3390 1200 3455 der
1229 3388 1675 3455 Dominikaner
1705 3390 2030 3455 Hermann
2078 3389 2205 3453 und
2235 3389 2366 3453 dem
2392 3389 2512 3454 Abt
2546 3389 2646 3454 des
2683 3390 2907 3456 Cister-

377 3478 848 3544 cienserklosters
880 3478 1121 3543 Ebrach
1165 3501 1372 3564 wegen
1419 3477 1519 3542 des
1563 3477 1946 3542 Uebertrittes
1992 3477 2092 3541 des
2132 3476 2400 3541 Bruders
2446 3477 2748 3558 Iohannes
2792 3501 2910 3543 von

377 3564 684 3652 Zofingen.
781 3563 1032 3655 (1288.)

590 3688 913 3754 Omnibus
961 3710 1219 3775 presens
1280 3690 1580 3775 scriptum
1629 3688 1852 3753 visuris
1918 3740 1931 3753 .
1984 3740 1997 3752 .
2060 3688 2182 3753 Dei
2240 3688 2437 3772 gratia
2483 3686 2909 3774 Erbipolensis

379 3777 711 3861 episcopus
758 3776 1024 3850 salutem
1072 3777 1135 3841 in
1185 3777 1475 3841 omnium
1525 3775 1794 3841 salutari.
1871 3776 2117 3841 Notum
2169 3798 2305 3841 esse
2354 3776 2663 3862 cupimuS,
2712 3776 2907 3863 quod,

377 3885 521 3927 cum
571 3864 732 3929 inter
776 3864 1112 3949 religiosos
1143 3864 1314 3928 viros
1361 3862 1613 3929 fratrem
1648 3864 2091 3929 Hermannum
2140 3864 2420 3950 priorem
2453 3863 2905 3949 provincialem

378 3947 616 4014 ordinis
661 3949 1133 4017 Predicatorum
1183 3974 1295 4038 per
1340 3950 1731 4017 Thetuniam
1782 3963 1844 4017 et
1888 3951 2175 4017 abbatem
2226 3950 2304 4017 de
2337 3950 2637 4032 EberacO,
2685 3964 2906 4017 nostre

378 4033 709 4123 dyocesiS,
750 4038 1187 4104 Cisterciensis
1235 4036 1507 4120 ordiniS,
1555 4038 1812 4104 suborta
1861 4051 2024 4104 esset
2071 4041 2331 4104 materia
2381 4040 2733 4126 questionis
2790 4062 2907 4126 pro

378 4145 480 4204 eo,
528 4123 701 4210 quod
738 4124 991 4191 fratrem
1023 4126 1379 4192 Iohannem
1417 4125 1495 4192 de
1527 4128 1858 4212 Zouingen
1909 4124 2226 4212 predictus
2265 4126 2449 4192 abbas
2496 4128 2563 4191 in
2610 4148 2728 4191 suo
2767 4149 2908 4191 mo-

376 4213 651 4278 nasterio
698 4215 1057 4300 recepisset,
1105 4213 1363 4281 tandem
1412 4216 1579 4301 pacis
1614 4213 1949 4280 consilium
1999 4216 2291 4280 ineuntes
2338 4215 2401 4278 in
2436 4213 2731 4295 formam,
2780 4237 2901 4301 que

374 4299 790 4388 subsequitur,
825 4307 1282 4369 convenerunt.
1366 4301 1690 4368 Predictus
1721 4324 1997 4389 namque
2028 4302 2346 4368 Iohannes
2378 4323 2643 4387 surgens
2676 4314 2907 4387 sponte

373 4411 588 4454 coram
652 4389 836 4455 nobis
892 4390 1104 4456 multis
1153 4389 1495 4456 astantibus
1543 4388 1872 4456 confessus
1920 4400 2033 4470 est,
2090 4389 2262 4477 quod
2310 4391 2374 4455 in
2423 4387 2648 4454 ordine
2693 4388 2907 4455 Predi-

373 4488 657 4543 catorum
707 4479 887 4544 annis
934 4477 1217 4564 plurimis
1251 4497 1660 4544 conversatus
1708 4479 1914 4563 ipsum
1966 4478 2209 4544 invenit
2247 4489 2307 4543 et
2354 4475 2643 4563 probavit
2689 4477 2902 4557 talem,

370 4564 544 4652 quod
605 4566 813 4651 ipsum
862 4564 1173 4651 dingnum
1222 4567 1401 4630 omni
1447 4564 1644 4631 laudis
1690 4565 1875 4631 titulo
1931 4564 2250 4646 iudicaret,
2300 4566 2446 4630 Deo
2498 4588 2733 4645 carum,
2791 4565 2906 4631 sibi

370 4650 727 4737 proficium,
785 4655 1093 4738 proximis
1141 4665 1552 4740 oportunum.
1630 4652 1757 4719 Sed
1804 4676 1949 4718 cum
1996 4652 2275 4739 pluribus
2322 4654 2609 4739 negociis
2658 4652 2906 4719 deditus
