3505 5335
438 342 483 411 J.
528 357 545 391 1
560 339 676 404 264.
1621 338 1811 392 Briefe.
2894 343 2923 406 5
2938 343 2967 406 5

441 497 823 579 ordinanda,
885 499 936 562 si
996 496 1180 563 nobis
1240 497 1389 565 utile
1453 495 1756 564 videatur.
1816 575 1820 579 ,
1874 497 2018 563 Dat.
2084 497 2350 565 Viterbii
2412 497 2601 562 nonis
2663 496 2971 578 februarii,

438 585 841 674 pontificatus
889 584 1135 651 domini
1182 585 1419 652 Urbani
1466 609 1626 672 pape
1670 585 1808 651 1111.
1859 607 2029 650 anno
2075 585 2123 651 Ι.

652 805 666 834 ¹
707 797 780 851 So
819 797 922 850 HS.
1070 805 1090 833 ‘²
1127 797 1354 850 consciis
1392 796 1494 849 HS.

648 953 760 1008 Fol.
797 966 926 1024 37v.
1001 955 1113 1007 Der
1151 954 1298 1007 Bries
1327 955 1594 1006 Innocenz
1636 954 1726 1006 IV.
1766 954 1834 1005 ist
1871 951 1963 1005 das
2002 953 2290 1005 Schreiben
2331 969 2437 1005 von
2471 966 2606 1020 1254
2634 951 2863 1006 Februar
2892 955 2971 1006 18.

1679 1163 1732 1230 7.

657 1286 1147 1375 Ordensgeneral
1181 1285 1538 1378 (Iohannes)
1587 1287 1979 1353 beantwortet
2025 1286 2136 1352 das
2172 1285 2492 1352 Schreiben
2540 1289 2695 1352 eines
2742 1288 2972 1374 Kbnigs

438 1373 692 1462 (Alfons
738 1398 856 1441 von
903 1375 1275 1464 Kastilien&
1333 1376 1461 1440 und
1504 1374 1837 1463 verspricht
1893 1375 2016 1439 ihm
2070 1373 2440 1462 Gebetshilfe
2492 1377 2679 1440 seines
2735 1373 2973 1440 Ordens

438 1461 647 1549 (Paris
700 1466 865 1549 1264
915 1463 1111 1554 sum).

646 1569 846 1655 Regie
880 1567 1265 1635 celsitudinis
1313 1567 1692 1633 clarissimos
1741 1569 1948 1654 apices
1982 1566 2059 1633 de
2092 1586 2299 1633 vestra
2332 1566 2729 1654 dignacionis
2775 1570 2972 1654 gratia

435 1656 824 1742 prodeuntes
873 1675 1168 1744 prompta
1223 1656 1573 1722 reverentia
1623 1674 1683 1721 et
1731 1656 1965 1721 mentis
2014 1655 2316 1721 hilaritate
2377 1667 2668 1743 receptos
2716 1678 2969 1742 presen-

432 1744 596 1810 tibus
645 1756 762 1810 etc.
796 1756 865 1811 ut
910 1767 1096 1831 supra
1129 1743 1450 1832 (fratribus
1499 1762 1559 1809 et
1607 1743 1821 1810 multis
1870 1742 2002 1809 aliis
2047 1745 2110 1807 in
2161 1741 2499 1830 sollempni
2533 1742 2967 1811 celebracione

434 1832 682 1919 capituli
727 1831 852 1919 legi
884 1831 1091 1920 feci)‚¹
1141 1831 1219 1898 de
1267 1854 1539 1920 quorum
1572 1831 1893 1897 relacione
1940 1830 2170 1897 diserta
2216 1842 2425 1897 vester
2472 1830 2730 1898 affectus
2770 1833 2969 1918 piissi-

434 1943 575 1985 mus
624 1920 841 1987 claruit
901 1919 1262 2001 manifeste,
1322 1943 1511 2008 quem
1569 1918 1789 1986 fratres
1851 1917 2091 1984 ordinis
2139 1920 2342 1985 nostri
2402 1932 2550 1987 sunt
2598 1921 2835 2006 experti
2893 1943 2969 1985 ex

434 2007 877 2095 multiplicibus
924 2007 1245 2074 affectibus
1292 2009 1643 2094 graciarum
1675 2018 1884 2073 vestra
1929 2008 2177 2093 potenti
2211 2030 2402 2072 manu
2452 2006 2692 2073 collatis
2728 2005 2967 2073 eisdem

434 2095 624 2162 divini
675 2108 996 2183 respectus
1043 2097 1270 2163 intuitu
1320 2107 1381 2162 et
1413 2096 1698 2161 honoris.
1778 2095 1980 2181 Super
2026 2092 2250 2183 quibus
2283 2096 2429 2161 Deo
2476 2096 2704 2181 gratias
2752 2118 2785 2161 a
2834 2118 2967 2175 enS,

431 2208 465 2248 a
511 2207 640 2272 quo
688 2184 856 2250 bona
903 2195 1127 2252 cuncta
1172 2182 1547 2271 procedunt,
1595 2206 1713 2249 vos
1763 2196 1826 2250 et
1875 2235 1888 2248 .
1941 2235 1953 2248 .
2006 2181 2333 2249 dominam
2382 2206 2650 2249 uxorem
2689 2184 2967 2250 incitam

433 2283 494 2337 et
520 2271 926 2339 clarissimam
961 2271 1206 2359 prolem
1240 2283 1513 2338 vestram
1547 2294 1806 2338 necnon
1841 2282 1904 2337 et
1936 2283 2166 2338 statum
2202 2270 2532 2358 pacificum
2567 2273 2747 2357 regni
2781 2273 2970 2338 vestri

431 2359 952 2427 recommendavi
986 2359 1388 2427 affectuosius
1428 2358 1716 2425 fratribus
1749 2360 1816 2424 in
1852 2358 2124 2447 capitulo
2160 2360 2586 2445 congregatis,
2635 2360 2970 2445 injungens

431 2448 686 2600 insuper
748 2447 879 2513 aliis
928 2447 1223 2515 omnibus
1280 2450 1344 2513 in
1407 2447 1633 2514 diversi
1684 2446 1907 2513 mundi
1964 2445 2238 2534 partibus
2288 2448 2678 2528 constitutiS,
2735 2465 2804 2513 ut
2850 2469 2967 2534 pro

431 2536 578 2601 inco
604 2537 862 2602 umitate
896 2554 1101 2603 vestra
1133 2548 1197 2603 et
1226 2536 1440 2602 uxoris
1473 2546 1678 2602 vestre
1713 2536 2117 2601 serenissime
2150 2558 2220 2600 ac
2254 2534 2737 2621 magnificencie
2771 2532 2965 2621 prolis

431 2635 637 2691 vestre
701 2642 764 2691 et
821 2635 982 2691 statu
1036 2625 1219 2713 regni
1279 2625 1471 2692 vestri
1529 2625 1783 2711 integro
1844 2635 1905 2691 et
1960 2622 2296 2712 tranquillo
2358 2624 2580 2690 missas
2639 2622 2848 2691 dicant
2907 2635 2969 2691 et

431 2713 762 2779 oraciones
810 2713 956 2779 alias
989 2714 1289 2799 speciales
1336 2712 1582 2780 faciant.
1661 2710 1764 2778 Ad
1812 2712 1972 2778 illius
2024 2713 2194 2778 enim
2243 2711 2591 2799 optinenda
2637 2735 2754 2799 pro
2787 2710 2967 2778 vobis

430 2799 747 2868 affluentia
792 2824 1056 2868 munera
1103 2813 1320 2867 nostra
1367 2800 1568 2867 fidelis
1618 2812 1679 2867 et
1725 2800 1979 2866 humilis
2012 2801 2274 2867 recurrit
2321 2798 2614 2882 devocio,
2664 2811 2731 2866 ut
2777 2800 2968 2866 bene-

430 2888 765 2955 factoribus
812 2891 1046 2956 nostris
1101 2913 1218 2976 pro
1266 2888 1450 2955 nobis
1512 2890 1645 2976 ipse
1690 2887 1989 2956 retribuat
2046 2900 2109 2955 et
2156 2890 2244 2954 eis
2301 2887 2686 2975 respondeat
2732 2886 2969 2953 habun-

431 2975 683 3060 danter,
746 2978 851 3066 qui
910 3001 975 3044 se
1035 2979 1097 3043 in
1146 2978 1274 3043 suis
1322 2978 1603 3043 minimis
1651 2989 1900 3064 reputat
1955 2978 2299 3063 recepisse,
2361 2975 2656 3065 quicquid
2705 2977 2793 3042 eis
2850 2998 2966 3062 pro

430 3063 693 3149 gloriosi
758 3067 1039 3131 nominis
1105 3067 1200 3132 sui
1264 3064 1389 3132 fide
1445 3064 1764 3132 indultum
1822 3063 2009 3131 fuerit
2073 3076 2136 3131 et
2193 3086 2591 3131 concessum.
2693 3064 2770 3131 Et
2825 3064 2968 3151 quia

430 3151 675 3218 assidua
721 3154 936 3220 oracio
984 3153 1256 3221 multum
1314 3153 1480 3220 valet
1527 3164 1589 3219 et
1646 3165 1740 3220 est
1787 3151 2178 3239 impossibile
2224 3175 2443 3238 preces
2504 3175 2639 3218 non
2689 3150 2968 3217 exaudiri

431 3240 797 3322 multorum,
844 3252 1015 3307 tanta
1047 3253 1357 3328 concepta
1402 3240 1630 3307 fiducia
1662 3239 1741 3306 de
1775 3239 2219 3306 munificencia
2265 3239 2577 3326 largitoris
2612 3239 2812 3305 eterni
2850 3261 2964 3325 pro

430 3326 609 3393 vobis
655 3327 872 3395 fratres
906 3328 1075 3395 dona
1124 3328 1341 3395 celitus
1383 3338 1670 3415 satagent
1716 3327 2257 3415 supplicacionum
2300 3329 2606 3393 instancia
2653 3326 2963 3406 obtinere,

429 3415 650 3567 auibus
685 3416 979 3483 custoditi
1014 3419 1292 3484 securius
1327 3429 1389 3484 et
1436 3416 1718 3504 promoti
1752 3414 2003 3502 dignius
2038 3434 2099 3481 et
2140 3414 2361 3481 clarius
2395 3414 2610 3482 celesti
2653 3415 2967 3501 sapiencia

428 3503 709 3571 ilustrati
750 3505 883 3572 sitis
917 3507 980 3570 in
1028 3503 1153 3571 fide
1186 3504 1435 3572 stabiles
1485 3523 1546 3571 et
1580 3505 1644 3568 in
1693 3526 1888 3591 opere
1923 3501 2209 3570 efficaces
2260 3527 2334 3569 ex
2369 3503 2493 3569 hoc
2541 3514 2686 3589 post
2716 3513 2966 3589 tempo-

426 3590 566 3657 ralis
613 3591 816 3679 glorie
863 3595 1209 3660 terminum
1257 3592 1330 3659 ad
1381 3603 1749 3680 perpetuam
1799 3591 2066 3678 gloriam
2115 3592 2432 3658 transituri
2470 3645 2483 3657 .
2522 3645 2533 3656 .
2574 3645 2585 3656 .
2628 3587 2968 3677 Empfiehlt

429 3678 594 3745 dann
644 3681 815 3747 noch
866 3680 966 3747 die
1014 3681 1272 3748 Briider.

643 3865 655 3892 ¹
697 3857 755 3908 In
796 3857 888 3910 Nr.
933 3873 950 3908 1
1000 3857 1142 3910 steht
1181 3857 1271 3909 das
1311 3856 1817 3926 Eingeklammerte.

640 4014 750 4067 Fol.
796 4032 813 4067 1
840 4026 895 4079 v,
935 4015 1028 4068 Nr.
1068 4030 1116 4068 2.
1192 4015 1303 4067 Der
1347 4022 1485 4067 erste
1533 4014 1715 4066 kurzer
1754 4013 2040 4083 gehaltene
2088 4012 2237 4065 Bries
2281 4014 2345 4065 ist
2396 4012 2651 4066 ebenfalls
2704 4030 2769 4064 an
2818 4013 2965 4081 regie

428 4101 749 4155 celsitudinis
776 4104 1105 4173 gratissimas
1132 4104 1308 4174 apices
1335 4103 1613 4173 gerichtet.
1671 4102 1733 4154 In
1760 4101 1883 4154 dem
1915 4117 1958 4170 3.
1987 4099 2178 4166 Briefe‚
2219 4101 2354 4153 auch
2381 4119 2447 4154 an
2475 4102 2630 4153 einen
2657 4100 2963 4164 Herrscher,

376 4227 381 4230 -
426 4188 582 4242 heisst
621 4207 702 4243 es:
744 4207 841 4244 vos
870 4200 921 4244 et
948 4200 1157 4243 vestros
1194 4189 1332 4243 filios
1371 4207 1432 4243 ac
1470 4198 1666 4243 statum
1707 4190 1982 4242 commissi
2010 4189 2160 4242 vobis
2199 4188 2350 4258 regni
2390 4187 2609 4242 fratrum
2637 4187 2964 4256 presentium

426 4278 759 4333 oracionibus
798 4279 1249 4333 recommendavi.
1293 4311 1353 4316 —
1394 4292 1443 4342 4.
1484 4276 1633 4330 Bries
1665 4295 1731 4329 an
1773 4276 2100 4343 excellentia,
2140 4285 2193 4329 ut
2232 4276 2422 4328 missas
2462 4292 2558 4345 pro
2599 4274 2750 4327 vobis
2790 4273 2964 4326 dicant

427 4374 477 4417 et
515 4382 612 4435 pro
651 4377 827 4420 vestra
865 4367 1272 4420 conservatione
1310 4366 1506 4420 salutiS.
1588 4382 1630 4433 5.
1670 4365 1758 4418 An
1805 4365 2145 4417 serenissimo
2184 4365 2314 4434 regi,
2364 4364 2484 4416 kurz
2524 4361 2618 4415 auf
2658 4362 2807 4416 vorh.
2848 4362 2961 4414 hin·

425 4455 716 4522 gewiesen.
793 4456 875 4508 Da
912 4457 965 4509 in
1005 4456 1128 4509 dem
1168 4454 1342 4508 Briefe
1381 4454 1473 4507 des
1522 4454 1829 4507 romischen
1868 4453 2077 4522 Konigs
2114 4451 2306 4505 Alfons
2359 4469 2465 4504 von
2504 4450 2762 4503 Kastilien
2803 4450 2963 4502 eben-

424 4541 540 4595 falls
580 4542 672 4596 der
697 4542 983 4596 Gemahlin
1023 4544 1253 4614 gedacht
1280 4542 1430 4609 wird,
1470 4559 1531 4595 so
1557 4540 1690 4594 wird
1728 4539 2172 4594 wahrscheinlich
2213 4540 2402 4610 obiger
2426 4539 2574 4593 wohl
2603 4538 2686 4590 die
2713 4538 2963 4591 Antwort

423 4631 554 4683 sein.
627 4630 931 4702 Allerdings
971 4633 1169 4702 spricht
1207 4631 1272 4685 A.
1312 4648 1416 4683 von
1457 4647 1747 4698 regnorum
1788 4629 1894 4681 und
1930 4628 2045 4682 hier
2082 4627 2237 4681 heisst
2277 4645 2334 4680 es
2373 4629 2541 4696 regni.
