3505 5335
393 351 442 420 J.
488 365 784 418 1273—75.
1575 349 1765 403 Briefe.
2854 335 2934 417 89

394 507 490 560 der
524 506 858 578 Nachfolger
893 507 1116 561 Rudolfs
1153 516 1344 579 gesagt
1382 507 1615 562 werden.
1673 509 1755 561 Im
1792 508 2103 561 Chronicon
2139 508 2232 561 des
2271 508 2417 562 Mon.
2457 508 2805 563 Fitrstenfeld.
2850 509 2937 561 bei

399 595 661 661 Bohmer,
716 595 912 648 Fontes
950 596 997 662 Ι,
1053 612 1075 664 3
1118 594 1276 648 heisst
1320 613 1402 648 es:
1451 596 1578 649 Mox
1619 597 1762 648 enim
1816 595 2039 649 colonus
2086 597 2306 649 resumit
2357 605 2611 662 aratrum,
2660 596 2802 666 quod
2851 597 2936 649 diu

395 685 641 737 ociosum
682 693 1008 737 remanserat
1046 693 1098 737 et
1136 683 1460 754 neglectum.
1535 684 1750 737 Ebenso
1790 701 1982 754 passen
2020 683 2103 736 die
2141 682 2339 737 andern
2364 683 2629 754 Angaben
2668 684 2796 736 fiber
2834 683 2935 737 den

399 772 640 825 Verkehr
677 773 772 824 mit
812 771 935 825 dem
975 770 1434 841 Ordensgeneral,
1481 771 1565 824 die
1602 770 2232 841 Kreuzzugsvorschliige
2271 788 2357 824 am
2396 772 2582 824 besten
2620 789 2682 823 zu
2719 771 2930 825 Rudolf.

397 861 485 912 An
521 877 646 913 wen
685 860 777 912 das
804 860 1092 913 Schreiben
1130 859 1392 930 gerichtet
1430 861 1512 925 ist,
1551 858 1671 912 lasst
1710 861 1825 912 sich
1862 860 2074 913 schwer
2110 859 2421 913 feststellen.
2479 861 2591 912 Aus
2630 859 2722 912 der
2748 858 2935 914 Stelle:

400 947 568 1008 Quod
593 964 711 1000 esse
737 948 836 1000 sibi
872 949 1112 1018 poteritis
1152 965 1330 1000 currus
1359 957 1411 1000 et
1450 948 1631 1017 auriga
1656 947 1722 1000 ad
1747 947 2019 1018 imperiale
2059 946 2326 1016 fastigium
2353 946 2607 1012 tendenti,
2648 946 2784 999 muss
2815 965 2937 1000 man

399 1035 491 1088 auf
525 1034 744 1107 grossen
782 1034 1001 1088 Einfluss
1040 1035 1134 1088 der
1169 1035 1494 1088 Adressaten
1532 1034 1833 1088 schliessen.

1619 1218 1718 1288 60.

613 1343 867 1430 Bischof
891 1342 1149 1407 Konrad
1175 1365 1292 1428 vpn
1329 1340 1693 1429 Strassburg
1726 1340 1892 1406 bittet
1923 1340 2036 1405 den
2065 1339 2555 1427 Ordensgeneral
2579 1338 2935 1429 (Iohannes)

403 1454 506 1495 um
543 1430 1004 1517 Genehmig‘ung
1050 1429 1150 1494 des
1191 1427 1511 1495 Ubertritts
1556 1430 1750 1493 seiner
1783 1428 2004 1494 Nichte
2048 1451 2164 1494 von
2199 1429 2301 1493 ΚΖ.
2338 1429 2738 1515 Klingenthal
2784 1429 2938 1494 nach

403 1518 535 1582 dem
583 1517 686 1582 ΚΖ.
743 1517 828 1584 St.
881 1517 1077 1583 Marx
1121 1517 1216 1581 bez·
1263 1516 1644 1604 Straſsburg.
1741 1513 1934 1603 (1273
1964 1555 2007 1562 —
2039 1516 2255 1605 1277.)

613 1621 941 1709 Religioso
1015 1623 1153 1688 viro
1219 1634 1280 1689 et
1337 1621 1610 1687 discreto
1679 1674 1692 1686 .
1756 1674 1769 1686 .
1837 1623 2142 1707 magistro
2228 1620 2469 1688 ordinis
2542 1621 2938 1710 C(onradus)

403 1711 525 1776 Dei
589 1711 785 1796 gratia
850 1711 1182 1797 episcopus
1243 1710 1726 1796 Argentinensis
1786 1733 1929 1775 cum
1998 1707 2648 1775 recommendacione
2708 1709 2937 1776 devota

403 1810 679 1885 paratam
735 1796 812 1863 ad
859 1797 1321 1884 beneplacitum
1377 1796 1791 1863 voluntatem.
1883 1797 2164 1884 Neptem
2227 1796 2530 1862 habemus
2587 1819 2663 1862 ex
2718 1820 2939 1862 sorore

403 1888 468 1950 in
517 1884 785 1952 claustro
822 1883 1414 1973 Clingental(ensi),
1461 1884 1816 1951 Basiliensis
1864 1883 2166 1965 diocesiS,
2214 1883 2379 1971 apud
2425 1907 2679 1950 sorores
2725 1895 2938 1951 vestro

405 1973 611 2039 ordini
644 1974 1176 2060 incorporationis
1209 1971 1390 2039 titulo
1426 1973 1849 2058 consignataS,
1889 1995 2078 2060 quam
2112 1971 2294 2037 nobis
2326 1973 2738 2053 karissimam,
2783 1973 2940 2037 sicut

404 2073 620 2128 natura
653 2060 869 2143 edidit,
917 2062 1000 2127 ita
1034 2079 1093 2126 et
1141 2060 1470 2147 spiritualis
1516 2061 1714 2146 gratia
1748 2058 2240 2127 commendavit.
2314 2058 2500 2125 Unde
2547 2061 2710 2126 inter
2757 2060 2940 2125 huius

406 2150 530 2216 vite
578 2147 922 2215 commoda
968 2150 1229 2236 pociora
1274 2147 1400 2214 hoc
1447 2149 1730 2233 superius
1781 2147 2262 2228 collocabimus,
2310 2148 2359 2212 si
2409 2145 2487 2212 de
2533 2159 2740 2219 vestra
2787 2170 2941 2214 con—

406 2238 695 2303 cessione
744 2235 929 2303 nobis
986 2234 1438 2322 indulgebitur,
1497 2234 1669 2322 quod
1719 2233 1797 2301 de
1856 2235 2158 2316 claustrO,
2220 2237 2282 2300 in
2339 2259 2468 2323 quo
2518 2246 2640 2316 est,
2700 2237 2943 2321 Argeu-

402 2325 598 2391 tinam
645 2324 1046 2390 transferatur
1077 2346 1373 2390 sororum
1408 2324 1602 2389 sancti
1637 2323 1854 2402 Marci,
1902 2346 2024 2410 que
2057 2347 2124 2388 se
2170 2321 2247 2388 ad
2278 2322 2343 2389 id
2389 2321 2620 2393 devote
2669 2322 2943 2389 offerunt

407 2423 470 2478 et
515 2413 794 2491 sincere,
855 2411 1126 2498 collegio
1175 2409 1490 2477 socianda.
1587 2411 1721 2476 Iam
1769 2431 1914 2477 ante
1963 2409 2094 2476 dies
2143 2411 2261 2476 hos
2308 2433 2420 2497 per
2464 2411 2745 2496 priorem
2791 2432 2939 2496 pro·

406 2497 737 2564 vincialem
785 2500 1183 2586 propositum
1233 2510 1521 2565 nostrum
1572 2499 1876 2586 consequi
1923 2522 1952 2563 s
2001 2497 2355 2578 erabamuS,
2404 2509 2498 2564 set
2543 2499 2838 2584 priorissa
2882 2510 2943 2564 et

408 2598 729 2653 conventu
785 2585 1069 2673 predicto
1118 2586 1617 2674 Clingentalensi
1662 2587 1958 2652 renitenti
2007 2609 2109 2667 uS,
2171 2605 2238 2652 ut
2285 2584 2573 2667 decebat,
2630 2584 2940 2674 proficere

407 2675 672 2741 minime
703 2686 1084 2761 poteramus
1165 2676 1450 2741 Forsitan
1483 2676 1655 2741 enim
1688 2674 2049 2761 cogitabant
2082 2675 2410 2741 honestius
2442 2674 2599 2755 fore,
2648 2676 2698 2739 si
2730 2692 2939 2741 vestre

406 2764 791 2830 auctoritatis
828 2774 1118 2850 parerent
1152 2762 1422 2843 nutibus,
1470 2786 1658 2851 quam
1697 2763 2168 2850 acquiescerent
2216 2761 2649 2829 coactionibus
2698 2780 2944 2828 cetero—

408 2874 568 2917 rum.
663 2850 864 2931 Quod
911 2863 973 2917 et
1020 2874 1139 2916 nos
1186 2874 1302 2938 pro
1352 2853 1571 2916 omine
1618 2851 1993 2937 suscipimus
2042 2869 2102 2917 et
2161 2849 2237 2916 ad
2286 2862 2491 2917 vestre
2537 2849 2943 2936 benignitatis

408 2940 616 3005 sinum
666 2938 802 3005 vela
865 2940 1295 3005 convertimus
1357 2962 1385 3003 s
1434 2940 1488 3004 ei
1546 2950 1794 3019 nostre,
1856 2937 2040 3004 nobis
2095 2937 2442 3024 predictam
2499 2937 2629 3003 dari
2686 2950 2944 3025 neptem

409 3026 726 3092 humiliter
770 3026 1181 3114 postulanteS,
1227 3049 1355 3114 quo
1434 3025 1598 3092 haud
1646 3024 1906 3092 dubium
1940 3027 2181 3092 cunctis
2226 3027 2627 3092 monasteriis
2661 3024 2942 3091 eiusdem

410 3112 648 3180 ordinis
694 3116 759 3179 in
806 3126 1023 3181 nostra
1069 3113 1308 3180 diocesi
1354 3115 1711 3180 constitutis
1745 3112 1969 3180 cedere
2015 3113 2249 3200 poterit
2295 3112 2369 3178 ad
2419 3112 2838 3180 commodum
2884 3125 2946 3178 et

409 3200 788 3288 perfectum,
852 3226 998 3268 cum
1046 3213 1367 3289 tamquam
1416 3224 1696 3289 appenso
1746 3219 1889 3266 ante
1938 3200 2160 3267 oculos
2206 3202 2612 3267 monimento
2659 3202 2944 3286 germani

410 3288 594 3356 nobis
649 3291 972 3376 sanguinis
1027 3291 1296 3377 pignore
1354 3288 1609 3375 obligati
1655 3300 1838 3375 grata.
1887 3287 2209 3354 solvemus
2257 3286 2560 3354 beneficia
2617 3300 2939 3375 tamquam

412 3400 489 3442 ex
536 3375 781 3458 debite,
839 3376 916 3443 ad
963 3400 1235 3465 quorum
1292 3378 1748 3465 prestationem
1806 3388 2128 3464 tamquam
2189 3399 2265 3441 ex
2310 3377 2582 3461 gratuito
2641 3375 2945 3441 hactenus

411 3488 858 3552 provocamur.

624 3658 736 3712 Fol.
781 3670 952 3727 133v.
1028 3658 1246 3711 Konrad
1282 3659 1510 3728 regierte
1563 3675 1670 3711 von
1725 3673 2085 3728 1273-1299.
2176 3656 2353 3726 Obige
2404 3655 2701 3724 Datierung
2751 3671 2947 3724 wegen

416 3746 508 3798 der
544 3747 986 3817 Regierungszeit
1026 3745 1251 3799 UlrichS.

1635 3944 1722 4014 61.

627 4070 948 4136 Hermann
998 4068 1142 4158 (von
1188 4071 1469 4157 Min-den)
1519 4069 1759 4157 beklagt
1815 4073 1877 4135 in
1925 4073 2113 4135 einem
2162 4071 2369 4157 Briefe
2427 4092 2508 4135 an
2556 4069 2649 4133 die
2696 4069 2948 4133 Priorem

414 4181 533 4223 von
579 4158 825 4246 Leipzig
871 4160 999 4224 und
1042 4159 1265 4246 Erfurt
1311 4159 1424 4223 den
1486 4157 1614 4223 Tod
1656 4158 1757 4222 des
1803 4158 2071 4223 Bruders
2117 4158 2395 4223 Dietrich
2442 4180 2559 4221 von
2593 4153 2945 4241 Kirchberg.

419 4242 632 4330 (Nach
684 4266 843 4331 1273
898 4247 1026 4311 und
1066 4270 1177 4312 vor
1226 4245 1445 4337 1286.)

625 4368 943 4434 Prioribus
990 4369 1280 4456 Lipzensi
1327 4387 1387 4434 et
1435 4366 1819 4434 Erfordensi.
1900 4366 2217 4432 Planctiva
2262 4365 2464 4432 littera
2507 4387 2693 4454 super
2740 4376 2949 4430 morte

417 4454 618 4521 fratris
686 4454 1082 4544 Th(iderici)
1156 4455 1232 4523 de
1298 4456 1687 4543 Kirchperch
1756 4454 1957 4521 fratris
2020 4454 2393 4520 Hermanni.
2509 4453 2755 4519 Rumor
2818 4469 2948 4517 tam

418 4542 680 4610 infestus
729 4567 916 4632 quam
974 4543 1277 4611 infaustus
1325 4541 1403 4610 de
1464 4545 1727 4610 transitu
1777 4543 1899 4608 cari
1960 4542 2160 4607 nostri
2207 4542 2382 4628 gravi
2426 4537 2598 4605 mole
2660 4539 2951 4606 molestie

416 4654 522 4697 me
572 4633 915 4718 oppressit,
981 4633 1155 4698 cuius
1217 4631 1412 4698 fatum
1469 4629 1684 4717 fatigat
1741 4631 2051 4711 animam,
2111 4628 2307 4695 letum
2361 4628 2633 4696 leticiam
2694 4625 2951 4713 subripit
