3505 5335
380 374 425 443 J.
471 389 488 424 1
505 388 620 441 270.
1559 374 1748 427 Briefe.
2840 379 2916 444 73

380 530 529 583 Brief
558 548 666 584 von
709 529 1159 597 Quetif-Echard,
1198 532 1344 585 nicht
1382 531 1702 602 aufgeziihlt.
1770 531 1870 584 Ein
1909 531 2058 584 Brief
2087 549 2155 585 an
2193 533 2285 585 ihn
2324 549 2452 585 vom
2489 531 2923 602 Ordensgeneral

383 619 655 688 Johannes
695 619 804 672 und
843 618 1273 689 Generalkapitel
1311 621 1364 673 in
1403 618 1679 672 Bordeaux
1712 622 1898 688 (1277)
1935 618 2098 673 findet
2137 621 2250 674 sich
2288 621 2340 673 in
2373 620 2472 673 der
2507 619 2921 674 Formelsamrn-

382 707 517 778 lung
560 708 654 761 des
707 707 1115 761 Bartholomaus
1164 707 1510 773 FaventinuS,
1565 706 1694 761 Ord.
1734 706 1950 772 Praed.,
2002 708 2054 759 in
2104 706 2199 760 der
2235 708 2358 777 Kgl.
2399 708 2529 762 Bibl.
2581 726 2644 761 zu
2683 708 2923 762 Mflnster

380 796 482 850 HS.
529 812 627 863 519
665 795 756 849 fol.
798 796 915 849 228.

1603 1003 1702 1071 36.

595 1128 798 1214 Kbnig
830 1128 1097 1215 Ludwig
1127 1128 1240 1193 IX.
1293 1127 1457 1193 hittet
1502 1128 1596 1192 die
1643 1126 1797 1192 belm
1823 1126 2203 1192 ·Mailc‘inder
2246 1125 2737 1215 Generalkapitel
2781 1151 2917 1193 ver-

381 1215 739 1281 sammelten
773 1215 1237 1296 Dominikaner,
1273 1217 1395 1302 fiir
1440 1216 1551 1281 das
1592 1214 1932 1302 glackliche
1976 1215 2273 1301 Gelingen
2317 1217 2505 1280 seines
2536 1216 2923 1303 Kreuzzuges

378 1328 456 1388 {a
507 1302 673 1368 beten
723 1304 853 1368 und
897 1305 1082 1391 eifrig
1127 1305 1238 1368 das
1284 1304 1490 1390 Kreu(
1535 1327 1612 1389 {u
1649 1303 1963 1390 predigen.
2060 1300 2259 1389 (1270
2310 1303 2673 1393 Frilhjahr.)

592 1407 969 1476 Ludewicus
1016 1410 1139 1475 Dei
1186 1411 1382 1495 gratia
1428 1410 1818 1474 Francorum
1867 1431 1974 1473 rex
2023 1406 2263 1474 dilectis
2309 1410 2436 1473 suis
2487 1460 2501 1474 .
2553 1461 2566 1474 .
2612 1410 2919 1495 magistro

382 1509 443 1562 et
477 1495 921 1564 diffinitoribus
970 1520 1224 1563 necnon
1262 1550 1275 1563 .
1313 1549 1327 1563 .
1363 1495 1747 1585 pr(i)oribus
1783 1498 2131 1584 ceterisque
2177 1495 2464 1562 fratribus
2510 1498 2817 1564 universis
2855 1498 2920 1562 in

381 1584 653 1671 capitulo
717 1584 992 1670 generali
1064 1583 1323 1651 fratrum
1382 1584 1858 1651 Predicatorum
1926 1582 2088 1670 apud
2145 1582 2584 1650 Mediolanum
2653 1607 2920 1670 congre-

381 1671 603 1758 gandis
661 1672 926 1739 salutem
982 1685 1043 1739 et
1100 1672 1529 1739 dilectionem.
1632 1672 1707 1737 Et
1768 1673 1818 1736 si
1875 1694 2125 1758 semper
2189 1689 2441 1738 tenetur
2497 1683 2560 1738 et
2616 1673 2680 1737 in
2741 1674 2928 1737 omni

380 1773 672 1847 tempore
709 1759 990 1847 diligere,
1038 1762 1144 1848 qui
1177 1762 1415 1827 amicus
1449 1779 1563 1841 est,
1611 1761 1779 1846 juxta
1812 1761 2193 1826 sententiam
2226 1760 2541 1846 sapientiS,
2592 1783 2671 1825 eo
2704 1772 2919 1826 tamen

380 1866 674 1935 tempore
737 1849 963 1914 melius
1012 1847 1463 1935 comprobatur
1529 1848 1917 1914 exhibitione
1981 1848 2192 1934 operis
2257 1847 2483 1913 karitas
2544 1859 2606 1914 et
2666 1847 2918 1915 affectio

381 1935 717 2023 diligentis,
767 1960 895 2024 quo
928 1937 1065 2023 plus
1100 1949 1281 2023 urget
1314 1935 1522 2003 dilecti
1557 1937 1899 2002 necessitas
1944 1953 2005 2001 et
2038 1934 2265 2002 utilitas
2297 1935 2629 2022 persuadet
2662 1937 2916 2002 amoris,

380 2025 541 2090 Ecce
592 2048 783 2106 nunc,
831 2026 1160 2105 karissimi,
1212 2024 1395 2090 nobis
1444 2025 1560 2091 iter
1590 2024 2008 2089 transmarine
2056 2025 2583 2109 peregrinationis
2624 2025 2921 2110 ingressis

382 2136 545 2178 onus
593 2111 900 2179 incumbit
946 2112 1310 2178 fortioribus
1358 2113 1637 2177 humeris
1686 2110 2084 2198 importabile
2117 2134 2307 2197 grave
2354 2113 2563 2178 nimiS.
2635 2113 2779 2178 Hoc
2828 2123 2921 2178 est

381 2223 574 2281 onuS,
639 2199 751 2266 sub
801 2223 928 2288 quo
988 2202 1162 2288 quasi
1209 2201 1499 2287 gigantes
1555 2199 1668 2265 sub
1735 2200 1911 2287 aquis
1957 2211 2341 2285 gemuerunt
2400 2200 2515 2265 viri
2572 2198 2919 2279 fortissimi,

380 2300 675 2373 potentes
733 2312 766 2354 a
822 2289 1073 2369 seculo,
1134 2290 1249 2353 viri
1307 2289 1521 2374 magni
1568 2289 1850 2353 nominis
1918 2299 1980 2353 et
2040 2286 2288 2353 famosi.
2381 2288 2526 2353 Hoc
2584 2300 2677 2353 est
2734 2310 2919 2368 onuS,

380 2374 493 2442 sub
542 2399 670 2465 quo
719 2378 923 2443 multo
972 2376 1186 2443 labore
1233 2375 1526 2443 sudatum
1576 2394 1669 2442 est
1716 2376 2022 2442 hactenus
2068 2387 2254 2463 atque
2302 2374 2514 2441 multis
2563 2387 2626 2441 et
2673 2377 2920 2462 magnis

380 2463 732 2550 sumptibus
779 2464 1153 2546 laboratum,
1204 2464 1398 2531 multa
1445 2465 1771 2550 sanguinis
1820 2462 2129 2529 effusione
2179 2474 2273 2529 est
2319 2475 2692 2549 pugnatum.
2776 2464 2920 2529 Hoc

380 2564 474 2618 est
522 2574 717 2633 onuS‚
780 2551 893 2618 sub
956 2575 1083 2641 quo
1132 2552 1552 2618 laboravimus
1610 2552 2031 2640 aliquocienS,
2097 2573 2217 2615 nos
2267 2562 2327 2617 et
2374 2553 2608 2632 nostri,
2671 2550 2749 2617 ad
2795 2551 2920 2617 hoc

379 2640 570 2707 etiam
619 2641 771 2708 totis
807 2640 1135 2708 conatibus
1185 2664 1332 2708 cum
1363 2641 1486 2708 Dei
1535 2639 1848 2727 adjutorio
1898 2638 2299 2707 intendentes
2332 2662 2448 2726 pro
2496 2639 2656 2707 illius
2700 2661 2920 2706 amore

379 2730 608 2815 pariter
671 2742 732 2796 et
789 2729 1040 2796 honore
1100 2732 1261 2796 circa
1307 2741 1473 2796 terre
1533 2747 1747 2795 sancte
1810 2727 2157 2794 subsidium
2218 2726 2571 2809 decertare,
2636 2730 2742 2816 qui
2803 2751 2919 2815 pro

379 2816 564 2882 nobis
612 2816 847 2884 ibidem
883 2842 954 2883 us
1002 2842 1079 2884 ue
1113 2816 1190 2884 ad
1225 2816 1606 2884 effusionem
1638 2818 1873 2903 proprii
1909 2817 2252 2902 sanguiniS,
2300 2839 2498 2904 usque
2532 2815 2608 2882 ad
2642 2828 2920 2882 mortem

381 2907 580 2971 crucis
629 2929 739 2971 sua
786 2842 1080 2971 ineffabili
1125 2907 1355 2992 pietate
1404 2907 1681 2972 certavit.
1757 2903 1859 2970 Ad
1907 2904 2088 2990 hujus
2134 2903 2448 2992 siquidem
2495 2905 2697 2971 nostri
2745 2927 2921 2970 com·

379 2993 880 3082 sumatione(m)
932 2995 1292 3060 certaminis
1342 3005 1404 3060 et
1450 2992 1528 3059 ad
1583 2993 1738 3059 tanti
1788 2993 2002 3058 oneris
2048 2994 2420 3077 gravitatem
2469 3015 2588 3058 nec
2635 2994 2921 3080 proprias

376 3081 540 3147 vires
598 3079 885 3148 sufficere
949 3105 1064 3147 nec
1113 3083 1442 3148 scientiam
1489 3080 1587 3147 vel
1645 3081 2000 3167 potentiam
2062 3098 2349 3146 nostram
2409 3091 2743 3167 suppetere
2803 3103 2919 3167 pro

379 3181 554 3235 certo
604 3171 1103 3255 congnoscimus
1151 3193 1269 3235 nec
1316 3169 1638 3255 suffragari
1675 3169 1920 3249 merita,
1968 3185 2063 3233 set
2098 3169 2298 3253 magis
2346 3166 2662 3254 reffragari
2698 3166 2920 3234 delicta

377 3259 630 3344 propria
675 3256 1127 3339 formidamuS,
1191 3256 1269 3323 de
1317 3256 1475 3322 illius
1536 3268 1751 3323 tamen
1803 3253 2199 3321 confidentes
2247 3255 2508 3335 auxilio,
2570 3256 2674 3343 qui
2723 3253 2801 3321 de
2850 3279 2918 3321 se

377 3356 699 3430 sperantes
748 3369 820 3411 us
866 3369 1195 3433 nequaque
1249 3368 1383 3410 non
1432 3343 1691 3425 deserit,
1748 3344 1856 3431 qui
1914 3361 2059 3429 post
2117 3340 2402 3408 nubilum
2451 3342 2555 3422 dat
2615 3364 2910 3409 serenum

381 3444 443 3498 et
486 3445 634 3519 post
691 3368 1156 3499 descilationem
1219 3445 1282 3500 et
1335 3432 1557 3498 fletum
1616 3431 2071 3497 exultationem
2128 3429 2417 3496 infundit.
2511 3429 2919 3497 Effundamus

376 3521 565 3607 igitur
615 3519 806 3587 corda
853 3540 1070 3588 nostra
1100 3522 1501 3601 unanimiter,
1550 3520 1881 3600 karissimi,
1929 3541 2144 3584 coram
2188 3516 2317 3599 illo,
2366 3531 2433 3585 ut
2467 3538 2527 3584 et
2575 3519 2706 3605 ipse
2742 3520 2919 3585 Deus

377 3606 622 3694 adjutor
654 3621 873 3675 noster
915 3611 979 3674 in
1013 3608 1541 3696 oportunitatibus
1576 3631 1744 3673 nunc
1778 3606 1996 3673 adesse
2043 3629 2153 3672 sua
2183 3605 2569 3693 benignitate
2604 3605 2918 3693 dignetur,

379 3708 638 3783 exurgat
686 3709 748 3763 et
811 3709 1096 3764 conterat
1164 3696 1379 3763 hostes
1428 3697 1627 3763 crucis
1684 3708 1919 3762 terram
1966 3718 2144 3760 suam
2206 3706 2487 3761 sanctam
2537 3718 2653 3761 suo
2714 3717 2920 3761 sacro-

378 3796 596 3850 sancto
656 3786 962 3871 sanguine
1028 3803 1465 3851 consecratam
1520 3784 2027 3850 contaminantes
2083 3781 2331 3849 assidue
2388 3796 2451 3850 et
2512 3782 2783 3850 eandem
2840 3782 2919 3849 de

378 3871 664 3938 manibus
713 3874 998 3959 ipsorum
1045 3884 1344 3960 potenter
1391 3873 1609 3958 eripiat
1654 3870 1732 3936 ad
1780 3871 2100 3936 honorem
2135 3872 2230 3936 sui
2277 3873 2475 3938 sancti
2523 3873 2805 3938 nominis
2854 3883 2916 3937 et

379 3959 829 4026 exultationem
880 3979 941 4027 et
974 3960 1276 4048 gaudium
1324 3984 1434 4026 sue
1470 3960 1932 4026 christianitatis
1981 3969 2043 4024 et
2076 3958 2339 4025 ecclesie
2386 3960 2715 4046 generalis,
2788 3960 2914 4024 Pro

378 4047 492 4114 hac
539 4067 749 4114 autem
798 4073 968 4115 nunc
1016 4071 1197 4114 orare
1245 4074 1320 4114 ex
1369 4047 1497 4114 edit
1541 4049 1949 4126 incessanter,
2013 4044 2332 4132 predicare
2379 4049 2607 4134 pariter
2656 4059 2717 4113 et
2762 4069 2920 4133 pug-

378 4158 527 4201 nare
575 4136 991 4223 spiritualibus
1037 4138 1226 4202 armis
1274 4134 1413 4201 ilos
1459 4136 1756 4223 precipue
1803 4132 1950 4199 fidei
1999 4136 2341 4219 agonistaS,
2433 4136 2496 4201 ui
2543 4135 2736 4201 lorica
2771 4132 2916 4200 fidei

378 4234 440 4288 et
488 4225 916 4310 castigationis
964 4224 1195 4305 induti,
1242 4223 1418 4310 galea
1464 4223 1677 4289 salutis
1725 4223 1969 4302 amicti,
2027 4219 2240 4307 gladio
2288 4245 2398 4289 ver
2443 4224 2459 4288 i
2507 4223 2631 4288 Dei
2691 4223 2919 4308 pariter

274 4393 280 4399 .
378 4312 661 4393 accincti,
711 4325 962 4379 scutum
1010 4314 1315 4379 orationis
1369 4322 1707 4399 opponunt
1752 4309 1977 4377 ictibus
2024 4307 2457 4391 adversorum,
2506 4312 2737 4398 quique
2780 4311 2922 4376 viri-

376 4398 516 4465 liter
564 4398 881 4467 elevantes
945 4424 1091 4467 cum
1138 4400 1370 4488 Moyse
1432 4422 1654 4465 manus
1712 4421 1884 4478 suaS,
1947 4396 2337 4464 invisibiliter
2382 4398 2599 4464 hostes
2658 4399 2920 4464 vincunt

378 4498 441 4553 et
485 4488 795 4575 populum
827 4489 950 4555 Dei
997 4506 1390 4575 pugnantem
1422 4487 1717 4554 adiuvant
1766 4483 2099 4551 efficaciter
2146 4497 2209 4552 et
2241 4483 2607 4552 defendunt.
2685 4486 2759 4550 In
2791 4485 2916 4552 hoc

377 4575 595 4660 igitur,
646 4576 978 4657 karissimi,
1039 4588 1246 4643 vestre
1310 4576 1585 4642 karitatis
1646 4572 1958 4659 adjutorio
2022 4572 2421 4640 confidentes
2486 4597 2786 4660 rogamus
2856 4585 2920 4640 et

377 4662 783 4729 obsecramur
830 4665 1302 4730 universitatem
1349 4675 1653 4739 vestram,
1715 4663 1779 4726 in
1828 4659 2098 4725 domino
2152 4661 2331 4728 flexis
2378 4661 2645 4749 genibus
2707 4661 2916 4728 cordis
