3505 5335
422 359 466 427 J.
511 374 529 409 1
545 373 802 426 272—77.
1603 357 1796 410 Briefe.
2874 343 2910 405 8
2927 362 2948 404 Ι

1639 511 1744 581 48.

649 636 1125 702 Trostschreiben
1185 638 1285 702 des
1331 637 1560 703 Provin
1601 637 1719 702 ials
1768 634 2047 727 (Ulrich)
2110 659 2192 703 an
2238 637 2352 703 den
2404 637 2609 702 Socius
2666 637 2765 701 des
2819 659 2955 702 ver-

420 724 730 790 storbenen
775 725 1118 790 Kardinals
1162 723 1508 805 Hannibal,
1626 724 1720 790 rd.
1757 725 1999 805 Praed„
2047 725 2176 790 und
2211 725 2627 811 Bestimmung
2673 722 2819 789 iiber
2864 726 2958 788 ein

425 813 636 900 Legat.
731 811 983 902 (1272.)

634 916 1040 984 Provincialis
1112 915 1476 984 consolatur
1552 915 1809 983 fratrem
1874 970 1887 982 .
1950 969 1963 982 .
2032 918 2278 983 socium
2349 915 2594 983 domini
2667 915 2957 982 Anibaldi

423 1004 768 1094 quondam.
880 1005 1145 1085 Quanto
1212 1004 1312 1091 pie
1369 1003 1839 1071 recordacionis
1901 1002 2145 1071 domini
2202 1002 2489 1070 Anibaldi
2554 1005 2679 1070 vita
2750 1003 2956 1070 ordini

425 1094 628 1160 extitit
657 1093 965 1181 preciosa,
1011 1103 1190 1158 tanto
1238 1114 1415 1158 mors
1449 1115 1596 1159 ceca
1627 1144 1639 1157 .
1679 1145 1691 1158 .
1730 1145 1743 1157 .
1780 1092 1844 1157 in
1875 1092 2082 1179 ipsum
2131 1093 2306 1158 irruit
2338 1104 2402 1159 et
2433 1090 2620 1158 diruit
2653 1091 2957 1172 luctuosa,

423 1180 615 1248 simul
659 1203 772 1247 ore
819 1179 1032 1268 patulo
1081 1178 1488 1246 absorbens.
1541 1232 1554 1245 .
1605 1231 1620 1246 .
1671 1178 1911 1245 ordinis
1956 1178 2252 1260 leticiam,
2298 1178 2616 1266 presulum
2666 1178 2957 1263 gloriam,

421 1269 640 1356 populi
659 1269 935 1336 Romani
959 1265 1538 1348 honorificentiam,
1571 1290 1693 1355 que
1718 1290 1852 1334 non
1879 1266 2073 1354 longe
2097 1278 2309 1333 autem
2336 1266 2609 1334 obtinuit
2640 1265 2956 1348 fiduciam,

423 1355 596 1444 quod
645 1379 790 1423 cum
839 1354 1106 1422 domino
1155 1353 1612 1421 Ebrodunense
1655 1353 1969 1439 Jordanus
2026 1354 2318 1421 influeret
2363 1356 2428 1420 in
2477 1377 2551 1421 os
2599 1356 2748 1440 ejus,
2819 1355 2955 1440 Ego

423 1445 611 1531 igitur
657 1455 951 1511 nontam
1001 1444 1260 1529 pristina
1289 1444 1405 1509 viri
1453 1443 1687 1509 noticia
1733 1453 1950 1509 motus
1991 1466 2179 1531 quam
2227 1442 2478 1529 speciali
2525 1442 2957 1508 benivolencia

424 1531 676 1599 sedulus
722 1555 791 1598 ac
832 1529 1100 1598 devotus
1149 1531 1358 1617 ipsum
1404 1529 1692 1596 fratribus
1741 1542 1804 1597 et
1848 1529 1980 1595 aliis
2011 1531 2240 1598 virtute
2286 1528 2537 1616 prelatis
2586 1583 2600 1596 .
2652 1583 2665 1595 .
2719 1583 2732 1595 .
2782 1552 2959 1596 com-

424 1618 740 1700 mendavi,
786 1621 838 1685 si
883 1618 1049 1685 forte
1095 1619 1160 1683 in
1207 1616 1350 1684 foro
1398 1616 1505 1684 illo
1552 1670 1565 1683 .
1603 1671 1617 1684 .
1655 1670 1668 1684 .
1717 1617 2083 1705 pulsaretur,
2132 1619 2508 1684 oracionum
2554 1616 2958 1704 vectigalibus

422 1705 889 1774 redimendum.
982 1704 1083 1771 Ad
1130 1704 1302 1793 quod
1359 1706 1692 1792 presertim
1751 1703 1973 1772 efficax
2016 1707 2187 1772 racio
2247 1729 2353 1772 me
2400 1703 2639 1772 inducit
2693 1704 2959 1772 delecta-

425 1794 627 1862 biliter
673 1793 1067 1874 audientem,
1128 1791 1302 1881 quod
1348 1795 1413 1858 in
1460 1804 1670 1860 morte
1729 1792 2121 1874 stimulante,
2182 1794 2384 1859 immo
2443 1794 2567 1859 iam
2624 1792 2957 1859 infaustam

424 1881 499 1948 ab
545 1884 685 1969 ipso
734 1881 1063 1948 victoriam
1119 1879 1432 1948 referente
1480 1882 1703 1948 vestris
1751 1880 2069 1968 obsequiis
2114 1881 2382 1948 inveniri
2439 1879 2639 1948 voluit
2686 1903 2818 1947 non
2866 1881 2959 1946 in-

423 1988 656 2056 gratuS,
705 1989 769 2035 et
810 1992 890 2035 ne
938 1991 1135 2057 usque
1168 1991 1356 2034 mane
1401 1967 1592 2034 futuri
1637 1968 1830 2034 seculi
1869 1966 2032 2056 apud
2079 1969 2286 2055 ipsum
2332 1991 2578 2034 merces
2625 1967 2960 2035 voluntarii

423 2058 821 2124 servitiorum
882 2067 1271 2137 remaneret,
1339 2075 1576 2122 certam
1630 2055 1812 2124 vobis
1883 2055 2114 2144 legavit
2184 2057 2449 2143 pecunie
2523 2057 2956 2144 quantitatem.

423 2146 667 2212 Verum
714 2146 858 2233 quia
903 2143 1232 2231 vigilanter
1276 2142 1743 2231 providendum
1804 2162 1927 2225 est,
1986 2167 2067 2211 ne
2129 2145 2285 2210 tanti
2332 2145 2446 2210 viri
2506 2155 2958 2210 testamentum

424 2245 487 2300 et
537 2245 667 2300 tam
713 2234 872 2298 iusta
918 2255 1106 2320 quam
1153 2232 1254 2318 pia
1308 2233 1588 2298 intencio
1638 2243 1973 2298 enervetur
2027 2255 2098 2298 ac
2144 2255 2261 2298 vos
2307 2231 2488 2298 vobis
2535 2250 2679 2318 post
2734 2242 2959 2298 noctes

423 2320 765 2386 laboriosas
814 2320 1003 2386 etiam
1049 2343 1305 2385 menses
1350 2342 1586 2386 vacuos
1635 2321 2020 2385 enumeretis
2070 2318 2198 2472 (ἰ),
2246 2318 2579 2406 prohibe0‚
2627 2320 2689 2385 in
2738 2342 2958 2407 quem-

425 2430 671 2496 cunque
708 2406 952 2497 ·dictam
998 2408 1330 2494 pecuniam
1378 2406 1660 2494 quolibet
1703 2406 1889 2474 titulo
1936 2426 2106 2473 trans
2136 2409 2336 2473 eratiS.
2428 2407 2561 2473 Etc.

634 2581 746 2635 Fol.
782 2593 952 2634 112v.
1010 2580 1298 2634 Teilweise
1337 2582 1548 2634 schwer
1585 2580 1773 2635 lesbar.
1831 2581 1942 2634 Der
1968 2582 2087 2634 Satz
2127 2582 2255 2634 fiber
2292 2582 2535 2636 dominus
2561 2581 2959 2635 Ebrodunensis

423 2673 490 2724 ist
528 2669 982 2724 unverstandlich:
1022 2670 1208 2722 Hinter
1245 2669 1506 2739 Jordanus
1546 2669 1730 2740 folgen
1769 2671 2156 2723 unterstrichen
2194 2672 2329 2724 zwei
2359 2671 2590 2737 Worter,
2629 2671 2712 2723 die
2751 2689 2846 2723 nur
2884 2670 2957 2723 als

422 2759 693 2828 proprium
731 2774 932 2810 nomen
970 2757 1224 2829 gedeutet
1262 2757 1481 2811 werden
1518 2758 1748 2811 konnen.
1825 2756 2109 2811 Vielleicht
2146 2759 2213 2811 ist
2252 2758 2335 2811 die
2373 2759 2630 2828 Deutung
2672 2758 2857 2811 daraus
2895 2776 2958 2809 zu

422 2847 672 2912 nehmen,
712 2844 823 2898 dass
850 2844 1319 2898 Kardinalbischof
1336 2845 1590 2899 Heinrich
1627 2862 1735 2898 von
1763 2845 1917 2900 Ostia
1944 2845 2148 2915 (fruher
2185 2848 2238 2899 in
2264 2847 2521 2915 Embrun)
2550 2848 2625 2899 im
2650 2847 2959 2901 November

429 2948 577 3003 1271,
617 2934 739 2986 kurz
777 2950 875 2986 vor
912 2933 1172 2986 Hannibal
1213 2933 1369 3000 starb‚
1410 2933 1502 2986 der
1540 2932 1662 2986 Tod
1699 2933 1814 2987 also
1853 2935 1948 2986 mit
1987 2934 2162 2987 einem
2200 2934 2344 2987 nicht
2383 2933 2651 2987 zufrieden
2687 2952 2814 2988 war.
2897 2935 2902 2939 ’

1644 3087 1747 3157 49.

633 3213 751 3277 Ein
777 3213 1023 3277 Freund
1053 3209 1405 3299 (Hermann
1435 3236 1553 3278 von
1573 3213 1896 3302 Minden'?)
1931 3213 2211 3278 berichtet
2242 3216 2428 3278 einem
2463 3212 2957 3301 Ordensfreu-nde

424 3299 569 3365 iiber
615 3299 729 3365 den
774 3300 1130 3385 Provinzial
1175 3300 1304 3365 und
1345 3300 1470 3365 sich
1515 3299 1713 3365 selbst.
1810 3297 2328 3389 (1272-1277.)

634 3406 895 3471 Amicus
940 3403 1127 3471 frater
1168 3404 1357 3471 fratri.
1436 3404 1538 3471 Ad
1585 3406 1940 3492 ingressum
1990 3406 2205 3471 nuncii
2237 3407 2428 3472 vestri
2477 3404 2698 3472 dotem
2745 3408 2956 3493 accepi

422 3493 616 3559 letitie
663 3491 1012 3580 singularis
1106 3493 1270 3557 Nam
1300 3491 1644 3580 ¹problema
1691 3492 1770 3559 de
1828 3505 1990 3560 statu
2037 3505 2280 3574 vestm,
2338 3490 2511 3581 quod
2570 3494 2636 3559 in
2682 3496 2957 3579 pectoris

423 3581 547 3646 mei
596 3581 957 3667 gimpnazio
1005 3601 1148 3665 spes
1196 3599 1256 3645 et
1304 3592 1511 3647 metus
1545 3579 1728 3647 dubia
1776 3581 1890 3647 sub
1924 3582 2234 3648 sententia
2266 3580 2671 3667 disputarant,
2719 3580 2955 3648 solacio

421 3669 773 3754 gratissima
819 3668 1138 3756 quietavit.
1229 3668 1368 3734 Nec
1417 3671 1632 3755 magni
1678 3668 1914 3755 pendo,
1962 3670 2013 3734 si
2059 3681 2285 3736 ventus
2334 3692 2367 3735 e
2414 3669 2679 3755 regione
2727 3667 2958 3736 deserti

422 3755 687 3842 angulos
721 3753 952 3821 domus
985 3772 1191 3822 vestre
1225 3758 1562 3838 concutiat,
1612 3768 1715 3823 aut
1746 3759 1909 3842 ignis
1958 3758 2189 3824 mixtus
2222 3755 2529 3843 grandine
2574 3768 2766 3823 tactas
2801 3779 2955 3824 oves

424 3854 777 3924 consumat,
825 3842 1181 3909 dummodo
1228 3867 1391 3909 unus
1439 3844 1725 3931 effugiat,
1784 3846 1891 3932 qui
1936 3845 2053 3910 hec
2102 3856 2191 3926 et,
2249 3868 2370 3933 que
2418 3846 2579 3911 circa
2625 3868 2741 3910 vos
2789 3857 2955 3926 sunt,

424 3929 762 3997 denunciet
827 3929 1216 3997 condolenti.
1323 3930 1645 3998 Habentes
1713 3932 1905 4018 igitur
1958 3943 2296 4019 utrumque
2360 3933 2694 4018 peticionis
2749 3944 2956 3999 vestre

422 4017 723 4099 fructum,
785 4020 849 4083 in
906 4020 1219 4085 anteriora
1264 4020 1548 4084 narracio
1598 4043 1666 4086 se
1714 4018 2029 4086 extendat.
2122 4018 2529 4086 Provincialis
2591 4018 2669 4085 de
2730 4022 2955 4086 mortis

421 4105 758 4192 gemitibus
804 4105 1209 4193 triumphavit
1259 4117 1321 4172 et
1364 4107 1525 4187 iam,
1573 4118 1640 4173 ut
1687 4108 2051 4187 consuevit,
2106 4108 2461 4174 visitacioni
2521 4118 2952 4173 conventuum

423 4205 516 4260 est
564 4195 864 4260 intentus
941 4193 1080 4279 Ego
1129 4192 1411 4259 similiter
1457 4217 1563 4260 me
1610 4193 1818 4261 valere
1866 4192 2031 4261 dico.
2103 4195 2212 4261 Set
2257 4196 2483 4281 graviS,
2532 4217 2722 4282 quem
2769 4194 2956 4260 habe-

421 4305 584 4362 mUS,
631 4282 873 4348 utinam
920 4281 1122 4347 inanis
1168 4304 1303 4346 non
1349 4282 1430 4348 sit
1477 4304 1695 4348 coram
1744 4281 2036 4364 domino,
2084 4280 2258 4347 labor
2304 4293 2543 4348 noster.
2637 4282 2737 4347 De
2786 4281 2953 4349 collo

423 4368 699 4436 Colonie
760 4369 1127 4435 Traiectum
1183 4370 1424 4436 traiecti
1485 4368 1737 4436 fuimus,
1831 4371 2021 4437 Nunc
2081 4370 2146 4434 in
2213 4369 2443 4435 Sosato
2491 4371 2578 4435 sic
2637 4367 2954 4451 sedemus,

420 4479 532 4608 per
578 4455 864 4522 Mindam
913 4474 973 4522 et
1020 4455 1467 4545 Hilden(sem)
1517 4458 1811 4523 Bremam
1859 4458 1949 4522 ire
1998 4455 2413 4543 disponimus,
2509 4453 2634 4523 Set'
2663 4480 2801 4537 vos,
2849 4459 2955 4545 qui

443 4544 721 4624 ustratiS,
776 4545 1149 4624 recensetiS,
1206 4546 1582 4611 mensuratis
1643 4568 1788 4611 cum
1847 4544 2145 4611 Athlante
2210 4543 2464 4633 sydera,
2532 4568 2677 4611 cum
2732 4545 2955 4612 Talete

422 4643 732 4717 tempora,
779 4654 925 4697 cum
957 4630 1216 4697 Perdice
1250 4632 1516 4715 climata,
1549 4634 1989 4718 pronunciate,
2028 4632 2282 4721 quando
2315 4633 2518 4699 nostri
2552 4631 2740 4700 exodi
2770 4632 2956 4699 finito

529 4752 568 4794 F
579 4753 635 4795 in
649 4753 683 4795 k
696 4764 722 4795 e
735 4785 747 4806 ,
785 4753 1301 4797 Dominikanerbriefe.
2643 4763 2665 4800 6
