3505 5335
427 361 471 431 J.
520 377 537 412 1
551 359 666 428 269.
1598 357 1788 414 Briefe.
2878 349 2959 432 69

428 519 704 588 gewiesen
729 517 879 584 wird,
919 534 980 570 so
1019 519 1086 570 ist
1114 518 1228 570 hier
1265 515 1661 570 unzweifelhaft
1687 518 1826 570 Bern
1862 517 2116 587 gemeint.
2180 517 2288 571 Am
2316 533 2399 573 20.
2422 519 2526 590 Juli
2568 520 2704 592 1269
2728 522 2962 577 nahmen

428 604 748 660 Schultheiss
785 605 946 659 Kuno
993 622 1116 675 gen.
1155 621 1265 657 von
1302 605 1620 675 Bubenberg
1655 604 1764 658 und
1801 604 2100 659 Gemeinde
2139 602 2246 659 von
2282 607 2422 660 Bern
2459 606 2542 662 die
2581 609 2964 666 Dominikaner

427 696 480 748 in
517 694 631 748 ihre
657 693 807 747 Stadt
844 693 939 746 auf
968 692 1077 746 und
1113 693 1319 746 wiesen
1354 693 1517 746 ihnen
1557 693 1827 747 zwischen
1864 693 2056 747 beiden
2081 694 2428 749 Stadtwillen
2467 695 2559 749 das
2598 698 2785 769 notige
2814 699 2962 753 Land

428 800 517 835 zur
553 783 840 852 Erbauung
878 783 1025 834 eines
1063 780 1306 834 Klosters
1345 798 1438 834 an:
1487 780 1685 835 Fontes
1737 798 1915 835 rerum
1952 783 2300 836 Bernensium
2338 784 2402 838 ΙΙ.
2447 800 2560 853 525.
2644 787 2726 840 Im
2777 787 2962 842 selben

427 870 606 924 Bande
642 869 821 923 finden
859 870 975 922 sich
1010 869 1392 922 verschiedene
1442 869 1636 922 andere
1673 869 2346 925 Dominikanerurkunden.
2420 862 2568 926 Uber
2615 874 2708 927 das
2745 875 2962 929 Kloster

427 962 479 1012 in
516 960 654 1012 Bern
693 958 800 1029 vgl.
840 967 1125 1011 neuestens
1165 956 1349 1026 (1886)
1389 956 1546 1024 Rodt,
1586 957 1739 1011 Bern.
1781 957 2115 1028 Stadtgesch.
2147 959 2197 1012 S.
2233 959 2535 1027 154—1683
2575 960 2666 1015 das
2705 961 2960 1034 folgende

428 1049 555 1100 iiber
592 1047 676 1100 die
715 1047 1285 1110 Dominikanerinnen3
1332 1063 1440 1098 von
1478 1045 1692 1098 frfihern
1731 1045 1937 1112 Studet,
1977 1046 2075 1099 Zur
2112 1046 2309 1101 Gesch.
2349 1048 2442 1101 des
2481 1049 2849 1105 Inselklosters
2887 1053 2961 1105 im

425 1136 624 1189 Archiv
672 1135 765 1188 des
815 1136 934 1188 hist.
974 1135 1099 1188 Ver.
1140 1135 1277 1187 Bern
1317 1135 1406 1187 IV.
1447 1133 1571 1186 Heft
1614 1150 1631 1186 1
1691 1133 1797 1186 und
1835 1149 1882 1188 2.
1958 1134 2209 1205 Sonstige
2255 1135 2538 1190 Litteratur
2584 1138 2669 1190 bei
2706 1138 2958 1206 Mulinen,

428 1224 669 1277 Helvetia
708 1241 855 1276 sacra
892 1224 957 1288 ΙΙ,
1003 1239 1081 1293 19.
2083 1229 2089 1236 ‘

1644 1396 1744 1464 29.

639 1521 998 1607 Provinzial
1020 1519 1360 1674 (Edmunccli)
1393 1521 1651 1623 schrefibt
1680 1522 1813 1586 dem
1833 1521 2089 1623 ssisclyof
2104 1519 2461 1624 (Iohannes)
2493 1546 2612 1588 von
2632 1524 2961 1590 Lausanne

428 1610 575 1675 iiber
619 1611 732 1675 den
763 1609 924 1675 Plan
964 1609 1072 1675 der
1109 1610 1288 1676 Grsm
1331 1633 1457 1696 ung
1499 1632 1653 1674 emes
1683 1608 2378 1675 Dommzkanerklosters
2415 1635 2479 1676 m
2508 1611 2673 1676 Bern
2706 1608 2957 1703 (1269).

636 1716 1021 1781 Lausanensi
1046 1716 1348 1801 episcopo
1374 1713 1794 1801 provincialis,
1844 1713 2229 1781 Pontificalis
2265 1715 2708 1784 munificencie
2735 1741 2960 1784 manus

427 1803 540 1868 illis
603 1802 789 1869 debet
835 1803 1241 1890 potissimum
1297 1803 1550 1889 aperiri,
1616 1803 1721 1890 qui
1767 1803 2120 1869 voluntarie
2185 1805 2562 1890 paupertatis
2622 1804 2963 1873 subeuntes

424 1893 734 1957 sarcinam
790 1890 1150 1957 lucrifacere
1198 1891 1456 1957 Christo
1527 1908 1818 1976 satagunt
1872 1889 2068 1957 verbo
2125 1892 2354 1978 pariter
2403 1903 2464 1958 et
2522 1893 2816 1981 exemplo
2880 1917 2959 1960 eo

427 1978 600 2066 digni
647 1980 855 2065 gracie
903 2001 1168 2045 munere
1215 1977 1572 2065 amplioriS,
1629 2000 1758 2066 quo
1806 1978 1951 2044 Deo
1999 1991 2326 2066 acceptum
2390 1981 2809 2047 ministerium
2860 2006 2962 2048 ex—

426 2066 644 2133 hibent
690 2069 755 2132 in
804 2065 1285 2133 edificacionem
1332 2067 1618 2153 corporis
1664 2066 1813 2150 Jesu
1861 2066 2117 2133 Christi.
2188 2068 2356 2133 Hinc
2405 2080 2519 2149 est,
2568 2068 2763 2156 quod,
2812 2094 2957 2136 cum

426 2154 831 2222 honorabiles
880 2154 1172 2221 consules
1238 2167 1300 2221 et
1348 2156 1515 2220 cives
1575 2153 1654 2220 de
1714 2155 1919 2220 Berna
1967 2153 2235 2220 domum
2294 2154 2409 2221 sibi
2459 2158 2658 2222 nostri
2721 2156 2960 2223 ordinis

427 2243 692 2310 concedi
724 2255 940 2330 petant
971 2242 1232 2309 assiduis
1265 2241 1804 2328 postulacionibus
1844 2254 1905 2308 et
1938 2240 2205 2324 devotiS,
2256 2265 2396 2324 nOS,
2445 2246 2729 2333 quamvis
2762 2257 2963 2312 atten-

426 2331 647 2397 damus
682 2329 995 2417 ejusmodi
1042 2330 1310 2397 domum
1343 2329 1549 2396 ordini
1597 2329 1941 2417 plurimum
1973 2342 2379 2416 oportunam,
2427 2333 2710 2418 ipsorum
2744 2345 2959 2400 tamen

424 2419 713 2506 precibus
744 2418 1045 2506 plenioris
1094 2441 1444 2484 consensus
1485 2417 1824 2484 clausulam
1872 2417 2193 2484 noluimus
2241 2420 2567 2506 impertiri,
2617 2421 2733 2485 nisi
2769 2423 2960 2508 priuS,

424 2509 584 2574 sicut
631 2506 833 2588 decet,
880 2505 944 2572 id
975 2518 1181 2572 vestre
1230 2509 1580 2573 reverentie
1629 2508 2004 2572 innotescat.
2078 2506 2284 2572 Omni
2329 2508 2539 2594 igitur,
2587 2531 2706 2597 qua
2737 2531 2959 2598 possu-

426 2619 587 2678 muS,
636 2595 985 2661 humilitate
1035 2593 1465 2661 excellentiam
1513 2606 1789 2662 vestram
1836 2595 2132 2661 attentius
2179 2595 2603 2683 inploramus,
2652 2605 2960 2685 quatenus

427 2685 744 2751 novellam
804 2683 1179 2771 plantulam,
1239 2685 1352 2750 etsi
1416 2707 1550 2749 non
1608 2685 1671 2748 in
1720 2682 1864 2748 solo
1912 2695 2126 2750 vestro
2184 2683 2549 2767 serendam,
2605 2687 2670 2750 in
2719 2684 2965 2753 diocesi

423 2794 638 2838 tamen
684 2790 911 2852 vestra,
959 2772 1095 2837 sine
1142 2784 1355 2838 tamen
1405 2783 1618 2838 vestro
1669 2783 1731 2838 et
1778 2770 2045 2837 aliorum
2092 2770 2440 2858 prciudicio
2489 2797 2638 2839 suos
2672 2774 2960 2861 palmites

422 2883 535 2947 per
582 2861 961 2926 exercicium
1020 2858 1476 2946 predicacionis
1527 2871 1959 2940 extensuram,
2019 2858 2370 2945 dignemini
2416 2863 2838 2948 temperaneis
2900 2875 2961 2929 et

425 2949 729 3015 serocinis
789 2946 1079 3014 favorum
1145 2959 1206 3014 et
1265 2949 1611 3034 graciarum
1674 2945 1977 3014 imbribus
2035 2949 2343 3033 irrogare,
2409 2966 2477 3014 ut
2532 2972 2646 3036 per
2698 2949 2958 3016 fratrum

424 3035 655 3102 ibidem
692 3038 1084 3102 manentium
1121 3058 1381 3123 operam
1413 3059 1536 3102 una
1568 3034 1898 3102 vobiscum
1933 3036 2227 3101 meritum
2264 3038 2597 3122 proveniat
2631 3049 2693 3104 et
2719 3061 2957 3105 corona

423 3147 536 3211 per
583 3123 876 3204 fructum,
938 3146 1130 3212 quem
1178 3124 1434 3205 siciunt,
1490 3122 1785 3190 videlicet
1830 3124 2213 3204 animarum,
2276 3146 2392 3210 pro
2443 3137 2618 3191 certo
2666 3128 2958 3206 scienteS,

425 3210 597 3300 quod
645 3210 925 3278 officium
976 3234 1161 3277 suum
1212 3223 1328 3277 etc.
1379 3234 1575 3298 usque
1622 3212 1993 3298 promereri.

1640 3542 1742 3611 30.

638 3667 921 3772 (Bischpf
958 3669 1254 3735 Heinrich
1301 3692 1421 3734 von
1472 3669 1670 3759 Chur)
1729 3668 1897 3771 bittet
1952 3670 2064 3734 den
2110 3669 2364 3822 Bisqhoi‘
2417 3666 2562 3755 (von
2609 3670 2957 3759 Konstanz)

425 3782 529 3822 nm
560 3758 1022 3846 freundlzchere
1054 3756 1462 3844 Behandlung
1506 3757 1614 3822 der
1647 3756 2014 3844 Freiburger
2053 3758 2307 3823 Dommz
2348 3779 2498 3823 aner
2545 3754 2700 3845 (Um
2738 3760 2956 3850 1269).

634 3863 984 3950 Episcopus
1028 3860 1216 3927 frater
1264 3859 1473 3927 eidem
1522 3862 1826 3948 episcopo
1874 3885 1991 3949 pro
2042 3862 2271 3929 eodem
2316 3915 2329 3927 .
2384 3915 2396 3928 .
2449 3915 2462 3927 .
2513 3863 2958 3930 Reverentiam

422 3963 697 4017 vestram
745 3949 1037 4016 duximus
1085 3949 1406 4015 humiliter
1452 3948 1860 4030 exorandam,
1916 3952 2206 4038 quatinus
2253 3948 2540 4016 fratribus
2586 3949 2959 4037 Friburgen-

424 4036 591 4104 sibus
640 4037 719 4104 de
767 4037 991 4104 ordine
1038 4049 1262 4104 nostro
1310 4035 1716 4123 benignitatis
1765 4036 1949 4104 solite
1996 4036 2226 4118 radioS,
2276 4061 2437 4126 quos
2485 4036 2600 4103 sibi
2646 4040 2958 4125 suspirant

423 4125 873 4227 aliquantulum
908 4124 1339 4205 obumbratoS,
1389 4123 1740 4211 dignemini
1788 4124 1866 4191 ad
1914 4125 2258 4192 claritatem
2336 4127 2618 4191 ristinam
2650 4148 2957 4212 reparare,

421 4213 719 4281 facientes
766 4215 939 4301 ipsos
988 4214 1210 4301 exequi
1258 4214 1321 4278 in
1371 4211 1609 4279 diocesi
1653 4224 1861 4279 vestra
1909 4225 1973 4280 et
2017 4214 2261 4301 tranqu'
2315 4237 2369 4294 e,
2417 4212 2592 4301 quod
2638 4213 2774 4279 sine
2823 4236 2960 4301 pre-

423 4301 655 4368 iudicio
701 4299 1088 4388 regularibus
1129 4299 1419 4367 obtinent
1466 4302 1786 4381 institutiS,
1833 4324 1916 4367 ne
1964 4302 2254 4368 consueti
2287 4323 2503 4367 cursus
2552 4300 2959 4368 observancia

466 4388 907 4456 uodammodo
954 4400 1307 4476 permutata
1352 4411 1478 4455 una
1523 4387 1756 4454 domus
1804 4412 1922 4454 suo
1970 4390 2269 4455 universo
2327 4412 2460 4454 non
2509 4401 2819 4476 congruat
2864 4402 2959 4456 set

421 4413 733 4565 discrepet
779 4501 811 4543 a
859 4475 1320 4543 consuetudine
1366 4475 1606 4542 ordinis
1653 4476 1951 4563 generali.
2023 4477 2381 4543 Peticiones
2428 4494 2640 4543 autem
2689 4489 2957 4559 nostras,

420 4588 573 4653 quas
603 4578 927 4653 tamquam
975 4588 1091 4652 pro
1124 4566 1357 4631 nostris
1406 4564 1907 4651 conpauperibus
1942 4564 2179 4631 devoto
2215 4582 2276 4631 et
2309 4565 2560 4650 integro
2593 4567 2956 4632 reverencie

420 4665 626 4720 vestre
674 4652 996 4719 fundimus
1048 4676 1124 4719 ex
1170 4652 1427 4733 affectu,
1491 4675 1563 4718 ea
1608 4654 1946 4719 serenitate
1993 4653 2219 4739 respici
2278 4654 2565 4740 cupimus
2616 4671 2676 4719 et
2736 4652 2955 4734 audiri,
