3505 5335
409 365 455 434 J.
501 367 650 436 1289.
956 384 959 387 ·
1583 370 1772 426 Briefe.
2827 383 2850 426 1
2867 382 2897 446 5
2908 383 2957 447 7

409 536 656 611 paratus
703 547 844 590 sum
894 523 1035 591 illuc
1083 549 1387 612 personas
1417 526 1704 615 ydoneas
1751 532 2003 598 mittere
2050 554 2161 620 per
2209 556 2314 599 me
2347 532 2447 600 vel
2491 557 2604 621 per
2650 534 2839 602 alium
2880 537 2953 601 in

409 634 682 678 numero
728 616 1116 699 conpetenti.
1200 615 1522 682 Numerus
1569 629 1782 684 autem
1831 632 2038 686 certus
2083 642 2386 707 processu
2431 624 2741 709 temporis
2788 625 2958 690 iura*

407 718 631 766 mento
687 698 925 766 firmari
970 700 1248 783 debebit,
1307 715 1376 769 ut
1432 727 1556 770 una
1603 725 1855 773 mortua
1909 707 2099 774 altera
2159 707 2565 796 subrogetur,
2632 734 2750 777 nec
2805 734 2953 798 per-

303 817 311 830 ·
407 785 789 854 mittendum
853 789 942 854 eis
998 790 1146 871 erit,
1205 789 1378 878 quod
1433 815 1501 858 se
1559 791 1844 881 obligent
1898 795 2078 861 alicui
2133 795 2212 862 ad
2268 796 2647 864 solvendum
2703 822 2954 865 annuas

403 876 764 962 pensiones,
856 876 1025 942 Nam
1075 900 1152 943 ex
1199 877 1317 945 hiis
1365 878 1634 963 duobuS,
1682 881 1919 950 scilicet
1966 882 2272 950 effrenato
2319 907 2591 952 numero
2639 909 2942 973 persona·

403 985 543 1029 rum
591 983 653 1030 et
699 962 1020 1031 solutione
1066 967 1505 1051 precariarum,
1553 968 1749 1035 multa
1795 973 2179 1038 monasteria
2224 970 2609 1039 defecerunt.
2689 974 2946 1041 Valete„

401 1051 638 1118 Datum
686 1051 917 1119 Plawe.

611 1226 723 1281 Fol.
767 1228 934 1291 184V.

1603 1384 1738 1456 145.

607 1509 680 1574 In
739 1509 872 1574 drei
915 1510 1057 1596 fast
1125 1509 1519 1575 unmittelbar
1575 1513 1698 1599 auf
1747 1513 2037 1579 einander
2080 1514 2416 1602 folgenden
2474 1515 2754 1602 Briesen,
2820 1538 2944 1581 aus

396 1595 663 1683 Lezpzig,
697 1595 933 1661 Plauen
965 1596 1093 1661 und
1120 1597 1274 1678 Jena
1305 1598 1548 1679 datiert,
1595 1599 1760 1664 wird
1787 1599 1882 1664 die
1912 1601 2288 1689 Bestrafung
2316 1602 2660 1688 schuldiger
2692 1604 2936 1669 Briider

395 1684 881 1771 ausgesprochen.
958 1706 1012 1749 I.
1063 1685 1180 1749 Ein
1219 1684 1578 1752 Geistlicher
1620 1687 1739 1753 soll
1785 1689 1977 1775 einige
2007 1689 2139 1756 Zeit
2186 1691 2269 1754 im
2306 1689 2651 1778 Gefdngnis
2691 1714 2931 1780 genug-

392 1771 596 1852 thuen,
643 1772 810 1837 dann
841 1773 904 1837 in
935 1771 1030 1836 die
1058 1773 1634 1860 weitestentlegenen
1669 1773 1820 1841 Orte
1852 1775 2147 1863 geschickt
2177 1778 2440 1858 werden,
2485 1801 2550 1843 so
2582 1778 2736 1844 nach
2768 1780 2930 1866 Rigqt

393 1859 533 1924 oder
587 1859 969 1925 Leuwarden
984 1883 1012 1939 ;
1076 1879 1135 1925 2.
1192 1860 1288 1925 die
1349 1861 1675 1927 Studenten
1730 1863 1838 1928 der
1895 1864 2209 1930 deutschen
2273 1866 2413 1930 oder
2472 1866 2729 1931 anderer
2775 1867 2931 1932 Pro-

389 1948 628 2032 vinzen,
675 1946 900 2013 welche
928 1946 1054 2013 sich
1096 1948 1156 2012 V
1146 1948 1668 2015 ertranlichkeiten
1708 1951 1903 2016 haben
1947 1976 2025 2038 zu
2067 1951 2355 2018 schulden
2400 1951 2672 2019 kommen
2706 1954 2927 2034 lassen,

388 2034 577 2100 sollen
642 2035 798 2101 nach
862 2035 969 2100 der
1025 2035 1470 2102 Konstitution:
1541 2038 1612 2104 Si
1670 2041 1802 2126 quis
1858 2039 1932 2104 de
1991 2052 2261 2192 suspectu
2326 2040 2582 2128 bestrast
2643 2042 2886 2107 werden
2901 2067 2940 2121 ,r

388 2142 450 2206 3.
498 2125 688 2189 einem
734 2125 1112 2210 reumiitigen
1144 2123 1589 2191 Dominikaner
1628 2127 1794 2192 wird
1837 2129 1898 2192 in
1945 2127 2074 2193 besc
2090 2127 2391 2194 arlinktem
2423 2129 2632 2218 Masse
2677 2130 2773 2194 die
2804 2131 2928 2195 Er·

389 2208 631 2276 laubnis
670 2211 952 2298 gegeben,
999 2211 1224 2277 wieder
1267 2236 1345 2296 >sn
1379 2213 1674 2299 predigen
1719 2214 1849 2279 und
1890 2215 2130 2281 Bez'chte
2173 2240 2250 2302 zu
2295 2216 2498 2282 boren.

599 2384 710 2439 Fol.
755 2387 868 2453 185.
941 2386 1044 2439 Die
1091 2386 1586 2458 Ausstellungsorte
1634 2388 1933 2456 beweisen,
1981 2389 2092 2442 dass
2140 2390 2341 2443 damals
2380 2390 2651 2444 Hermann
2701 2392 2931 2462 langere·

384 2472 493 2525 Zeit
531 2473 583 2524 in
621 2473 857 2526 Sachsen
894 2474 1090 2528 weilte.

1580 2663 1715 2735 146.

591 2794 948 2881 Provinzial
979 2793 1361 2883 (Hermann)
1395 2792 1693 2858 bestimmt
1731 2792 1827 2858 die
1859 2792 2153 2881 Abgaben
2196 2796 2296 2861 des
2329 2795 2599 2861 Klosters
2640 2795 2727 2860 W
2723 2796 2924 2861 ieder·

377 2881 529 2946 stedt
559 2885 684 2971 fiir
728 2884 838 2949 das
884 2881 1366 2970 neugegrilndete
1413 2879 1888 2946 Nikolaz'kloster
1935 2883 1999 2947 in
2046 2882 2467 2948 Halberstadt.
2562 2880 2815 2973 (1289.)

589 2987 889 3067 Quedam
946 2987 1332 3075 compositio
1397 2987 1561 3051 inter
1619 2984 1749 3051 duo
1809 2984 2071 3053 claustra
2138 3010 2435 3054 sororum
2491 2987 2922 3087 provincialis„

378 3074 701 3140 Omnibus
752 3097 1017 3162 presens
1073 3075 1373 3160 scriptum
1434 3073 1656 3137 visuris
1715 3085 1832 3139 etc.
1935 3074 2182 3140 Notum
2242 3097 2379 3141 esse
2437 3097 2653 3161 cupm,
2715 3075 2922 3163 quod,

378 3185 524 3228 cum
585 3163 748 3228 inter
804 3184 1058 3227 sorores
1124 3159 1202 3226 de
1251 3156 1671 3225 Wederstede
1732 3182 1807 3225 ex
1866 3172 2039 3246 parte
2096 3184 2220 3226 una
2280 3174 2341 3227 et
2401 3184 2655 3228 sorores
2711 3167 2910 3230 sancti

375 3248 645 3337 Nycolai
677 3251 741 3315 in
774 3246 1244 3337 Hal(berstadt)
1280 3271 1354 3312 ex
1388 3264 1561 3333 parte
1609 3246 1798 3312 altera
1830 3249 2077 3334 questio
2110 3260 2456 3315 verteretur
2489 3248 2568 3315 de
2600 3252 2910 3336 porcione

374 3335 716 3418 bonorum,
764 3360 954 3425 quam
987 3335 1101 3402 sibi
1140 3336 1299 3402 solvi
1334 3346 1396 3401 et
1441 3334 1742 3419 assignari
1775 3332 2073 3420 petebant
2119 3357 2373 3401 sorores
2406 3337 2602 3402 sancti
2634 3337 2908 3424 Nycolai¹

371 3448 406 3491 a
452 3424 776 3491 sororibus
823 3424 902 3491 de
944 3422 1396 3502 Wederstede,
1456 3443 1573 3507 pro
1623 3433 1884 3509 utraque
1941 3441 2113 3508 parte
2163 3423 2223 3487 in
2288 3446 2394 3489 me
2443 3424 2678 3490 exstitit
2730 3448 2918 3490 com-

370 3514 791 3600 promissum,
850 3524 1157 3600 quatenus
1216 3511 1382 3577 iuxta
1429 3510 1683 3595 proprie
1731 3508 2196 3576 deliberationis
2253 3510 2574 3577 arbitrium
2623 3534 2724 3592 ea,
2782 3536 2904 3600 quc·

368 3602 538 3687 pacis
585 3613 752 3682 sunt,
801 3599 1207 3687 disponerem
1256 3600 1420 3665 inter
1466 3598 1647 3683 ipsas.
1726 3596 2030 3664 Adhibito
2079 3599 2266 3684 igitur
2299 3596 2715 3665 discretorum
2753 3623 2916 3666 con-

368 3688 507 3754 silio
567 3688 768 3756 taliter
815 3688 1132 3770 ordinavi,
1196 3686 1370 3775 quod
1431 3685 1620 3751 cassis
1677 3684 1974 3752 omnibus
2029 3685 2366 3772 prehabitis
2425 3686 2784 3754 tractatibus
2842 3709 2901 3754 et

369 3777 803 3843 instrumentis
851 3798 1106 3842 sorores
1155 3774 1232 3842 de
1279 3770 1775 3862 W(ederstede)
1823 3775 2148 3839 sororibus
2204 3773 2281 3840 de
2337 3794 2559 3841 sancto
2606 3775 2912 3863 Nycolao»

368 3863 690 3931 solverent
736 3863 893 3930 infra
939 3887 1176 3930 annum
1226 3863 1601 3929 continuum
1649 3882 1683 3925 a
1728 3872 2022 3947 tempore
2056 3861 2197 3928 date
2244 3863 2641 3948 presencium
2682 3885 2912 3930 recen--

367 3950 635 4017 sendum
660 3952 776 4017 LX
802 3975 1041 4018 marcas
1069 3951 1404 4018 examinati
1429 3949 1694 4034 argenti,
1726 3948 1859 4013 XX
1883 3971 2137 4036 porCOS,
2171 3950 2286 4014 IIlI
2309 3949 2605 4036 pecudes,
2639 3964 2896 4018 centum

366 4061 540 4105 oves,
612 4040 688 4105 Et
731 4050 800 4106 ut
845 4041 1149 4127 premissa
1188 4037 1466 4105 debitum
1515 4036 1857 4102 sortiantur
1895 4036 2212 4118 effectum,
2258 4037 2590 4104 karissimo
2633 4039 2789 4104 mihi
2832 4040 2899 4104 in

365 4126 624 4193 Christo
661 4179 674 4192 .
712 4179 725 4192 .
760 4129 953 4213 priori
980 4125 1491 4193 Halberstadensi
1525 4125 1865 4190 committo
1897 4126 2269 4191 auctoritate
2301 4127 2698 4211 presencium
2725 4128 2909 4193 vices

363 4237 558 4297 meas,
591 4225 897 4302 quatenus
929 4226 1137 4301 partes
1170 4213 1247 4281 ad
1279 4212 1757 4280 observanciam
1789 4211 2022 4278 arbitrii
2056 4212 2392 4299 compellat
2423 4236 2535 4299 per
2563 4236 2896 4280 censuram

360 4300 650 4370 videlicet
694 4301 1069 4389 regularem.
1138 4302 1342 4367 Porro
1373 4303 1533 4367 sicut
1579 4320 1834 4364 sorores
1883 4297 1962 4366 de
1993 4299 2414 4366 Wederstede
2461 4324 2596 4366 non
2626 4316 2902 4388 possunt

360 4413 589 4476 augere
622 4413 962 4456 numerum
985 4389 1059 4456 ab
1093 4391 1242 4477 ipsis
1265 4387 1720 4463 recedentium,
1754 4385 1962 4473 plures
1985 4387 2497 4470 transmittendO,
2531 4389 2613 4454 ita
2637 4411 2904 4456 sorores

359 4478 556 4547 sancti
601 4477 873 4566 Nycolai
918 4479 1190 4566 aspirare
1235 4500 1368 4543 non
1417 4475 1651 4542 debent
1694 4479 1773 4540 ad
1818 4474 2123 4557 reditum,
2170 4474 2419 4556 locum,
2477 4499 2669 4563 quem
2716 4477 2896 4543 inco·

356 4569 524 4646 lunt,
583 4563 968 4647 deserend0,
1039 4578 1135 4633 set
1200 4564 1491 4653 deputata
1548 4560 1663 4629 sibi
1719 4561 1861 4628 loca
1919 4574 2204 4644 teneant,
2269 4562 2479 4630 donec
2535 4562 2614 4630 de
2673 4564 2902 4631 medio

355 4656 546 4723 fiant¹
593 4654 834 4719 nemini
882 4647 1218 4741 quicquam
1250 4650 1575 4732 debenteS,
1620 4650 1740 4715 nisi
1772 4662 1841 4716 ut
1886 4652 2011 4717 sint
2055 4652 2329 4718 invicem
2362 4650 2713 4738 diligentes
2787 4653 2898 4719 Sic,
