3505 5335
583 332 608 375 Ι
628 332 650 375 1
665 312 701 377 8
1739 324 1929 379 Briefe.
2862 325 2906 394 J.
2951 326 3098 378 1285.

574 500 704 552 tem
754 508 865 551 ore
912 486 1377 572 persecucionis
1425 484 1796 557 huiusmodi,
1836 503 1932 550 set
1975 483 2244 563 solvent,
2293 506 2435 549 cum
2485 485 2758 570 primum
2807 482 3101 549 obtulerit

575 597 643 640 se
713 573 962 640 acultaS.
1056 574 1329 640 Potestis
1392 573 1579 639 etiam
1642 595 1789 638 curn
1844 572 1993 659 ipsis
2041 572 2381 638 convenire
2428 594 2540 658 per
2596 571 2762 638 hunc
2810 570 3099 651 modum,

575 661 748 749 quod
794 660 1012 727 fratres
1076 684 1142 726 se
1190 659 1474 746 obligent
1519 658 1595 726 ad
1641 657 2022 726 solvendum
2067 681 2184 746 pro
2232 659 2296 725 X
2343 660 2568 726 marcis
2614 660 2794 725 annis
2841 658 3101 745 singulis

575 773 766 815 unam
799 772 1097 830 marcam,
1146 747 1353 815 donec
1398 760 1608 815 totum
1642 747 1924 814 debitum
1971 749 2050 813 sit
2097 748 2489 814 exhaustum.
2567 747 2630 813 Si
2665 770 2818 814 vero
2866 746 3099 812 nullam

572 839 839 925 potestis
885 861 919 903 a
966 836 1049 903 ud
1095 837 1268 924 ipsos
1314 838 1576 923 gratiam
1624 837 1932 916 invenire,
1981 834 2326 902 ostendatis
2372 834 2605 902 litteras
2651 858 2830 922 pape,
2878 836 2942 900 in
2981 858 3100 922 qua

575 925 688 991 sibi
736 861 1081 992 cautelam²
1127 926 1463 1011 assumpsit
1495 923 1840 990 domorum
1889 935 2243 990 nostrarum
2296 925 2522 1010 pariter
2568 935 2631 990 et
2673 922 2987 1003 locorum,
3037 936 3099 989 et

575 1026 805 1080 extunc
851 1036 968 1100 pro
1017 1014 1149 1079 iure
1196 1013 1488 1080 Romane
1551 1012 1816 1079 ecclesie
1871 1024 1934 1078 et
1979 1035 2095 1099 pro
2143 1024 2358 1078 nostra
2405 1013 2643 1078 iusticia
2700 1023 2920 1078 contra
2967 1013 3101 1077 uni-

572 1103 932 1169 versitatem
981 1099 1324 1168 Iudeorum
1373 1112 1436 1167 et
1484 1122 1777 1187 expresse
1838 1111 2058 1166 contra
2103 1098 2335 1166 Iudeos
2381 1101 2814 1185 Zouingenses
2873 1111 2935 1165 et
2980 1100 3101 1165 Lu-

575 1191 888 1256 cerienses
947 1188 1024 1255 ad
1085 1187 1303 1256 sedem
1362 1187 1774 1276 apostolicam
1840 1187 2180 1275 appelleti3‚
2247 1190 2388 1275 quic
2435 1187 2541 1254 uid
2598 1186 2745 1254 inde
2809 1186 3100 1265 feceritiS,

574 1277 790 1365 sigillis
840 1289 903 1344 et
946 1277 1207 1344 testibus
1254 1276 1646 1343 roborantes,
1738 1277 1812 1341 In
1862 1277 2182 1362 premissis
2231 1211 2527 1342 omnibus
2576 1288 2636 1342 et
2683 1274 2814 1341 aliis
2862 1276 3102 1341 casibus

574 1367 698 1433 hoc
747 1367 1089 1453 negocium
1138 1364 1653 1452 contingentibus
1701 1387 1818 1431 vos
1864 1376 2342 1451 procuratorem
2389 1365 2520 1430 sive
2568 1388 2596 1429 s
2645 1362 2900 1429 ndicum
2950 1386 3102 1429 con-

574 1456 765 1521 stituo
813 1476 925 1540 per
969 1465 1313 1540 presenteS,
1360 1465 1566 1519 ratum
1615 1464 1676 1519 et
1720 1464 1992 1539 gratum,
2040 1451 2336 1540 quicquid
2383 1451 2530 1518 inde
2577 1390 2884 1532 gemitis,
2934 1452 3101 1518 habi-

572 1554 766 1608 turuS.
854 1542 1105 1607 Priores
1170 1542 1359 1608 etiam
1407 1560 1469 1607 et
1525 1540 1765 1620 fratreS‚
1835 1562 1996 1628 quos
2061 1563 2177 1627 pro
2242 1541 2357 1607 ista
2404 1563 2586 1606 causa
2646 1540 2981 1605 consilium
3040 1553 3101 1605 et

572 1630 866 1696 auxilium
914 1628 1266 1717 prebituros
1312 1630 1778 1716 requisiveritiS,
1828 1627 2007 1695 vobis
2040 1628 2478 1715 obtemperare
2528 1630 2693 1694 iuxta
2741 1626 2948 1694 datam
2988 1627 3098 1693 sibi

571 1720 833 1805 gratiam
880 1717 1279 1784 tenebuntur.
1376 1715 1597 1783 Valete
1647 1728 1764 1783 etc.

785 1902 805 1931 ²
842 1894 913 1945 So
952 1893 1036 1945 die
1074 1892 1176 1946 HS.
1326 1900 1346 1928 ‘2
1383 1894 1516 1945 Statt
1556 1894 1608 1944 in
1648 1893 1833 1962 quibus
1874 1892 1969 1944 sibi
2007 1892 2261 1944 tutelam?

782 2049 893 2104 Fol.
928 2052 1039 2116 148.
1105 2041 1249 2104 Uber
1286 2050 1368 2103 die
1396 2049 1641 2120 Zofinger
1666 2050 2098 2120 Angelegenheit
2138 2050 2243 2119 vgl.
2271 2050 2574 2119 Einleitung
2601 2051 2650 2102 S.
2687 2065 2745 2118 32
2785 2050 2889 2102 und
2919 2060 3100 2103 unten.

573 2130 716 2193 Uber
743 2140 898 2191 einen
936 2138 1265 2209 papstlichen
1292 2137 1534 2209 Auftrag,
1574 2138 1674 2192 deu
1702 2138 1873 2209 Juden
1911 2157 1973 2191 zu
2001 2138 2272 2208 predigen,
2312 2139 2584 2191 berichten
2621 2138 2706 2191 die
2726 2139 2917 2192 Annal.
2946 2140 3100 2192 Basil.

571 2229 624 2279 in
661 2226 786 2280 MG.
826 2227 915 2281 SS.
955 2227 1124 2293 XVII,
1164 2240 1266 2291 204
1303 2244 1365 2279 zu
1409 2228 1567 2294 1278:
1623 2226 1830 2279 Eodem
1869 2235 2112 2297 tempore
2149 2226 2349 2296 papalis
2397 2226 2568 2279 littera
2607 2228 2748 2279 venit
2787 2228 2840 2279 in
2879 2227 3099 2280 Colum·

571 2316 784 2381 bariam,
822 2316 874 2367 in
915 2333 1015 2385 qua
1052 2315 1434 2381 continebatur,
1475 2314 1618 2385 quod
1655 2314 1873 2367 deberet
1913 2313 2122 2385 perfidis
2162 2314 2335 2367 Iudeis
2375 2315 2518 2384 prior
2556 2315 2890 2384 provincialis
2921 2316 3099 2368 Theu-

572 2404 718 2456 tonie
758 2418 878 2456 cum
918 2402 1158 2456 fratribus
1198 2404 1303 2455 suis
1341 2401 1503 2455 fidem
1541 2401 1858 2455 catholicam
1896 2402 2120 2456 fideliter
2157 2402 2440 2472 predicare.

1785 2630 1882 2700 95.

783 2756 1138 2841 Provinzial
1172 2752 1552 2845 (Hermann)
1587 2756 1940 2842 beauftragt
1971 2756 2064 2821 die
2097 2756 2350 2821 Prioren
2394 2779 2512 2821 von
2547 2756 2929 2842 Regensburg
2975 2756 3102 2818 und

574 2843 868 2910 Nzirnber
908 2896 927 2924 ,
976 2844 1167 2931 daszr
1197 2867 1274 2928 zu
1303 2866 1538 2930 sorgen,
1586 2844 1729 2931 dass
1761 2843 2048 2908 niemand
2077 2844 2169 2908 die
2209 2843 2372 2909 ihrer
2411 2841 2616 2910 Obhut
2663 2855 3096 2908 anvertrauten

572 2930 854 2997 Frauenk
884 2938 1035 2996 &ster
1081 2932 1313 2997 betrete.
1408 2929 1659 3021 (1288.)

782 3036 1157 3103 Prohibetur
1203 3038 1497 3104 introitus
1544 3036 1621 3103 ad
1669 3036 2027 3103 claustrum.
2107 3036 2425 3103 Prioribus
2477 3091 2488 3102 .
2542 3090 2554 3101 .
2606 3048 2667 3103 et
2717 3089 2729 3102 .
2784 3089 2796 3101 .
2847 3038 3101 3123 provin-

574 3124 760 3190 cialis,
853 3124 1085 3191 Audivi
1133 3124 1210 3192 de
1274 3125 1551 3192 claustris
1601 3148 1746 3191 cure
1803 3144 2010 3191 vestre
2059 3127 2417 3191 commissis
2463 3124 2764 3212 quedam,
2825 3136 2886 3191 et
2933 3148 3004 3190 ea
3050 3126 3099 3188 si

573 3235 717 3279 vera
750 3225 915 3294 sunt,
964 3214 1120 3280 mihi
1152 3237 1457 3301 magnum
1489 3215 1793 3280 timorem
1826 3215 2136 3279 incutiunt
2166 3214 2394 3301 pariter
2428 3225 2489 3279 et
2527 3212 2884 3294 horrorem,
2932 3211 3103 3278 vide-

573 3300 718 3367 licet
763 3300 936 3389 quod
982 3300 1174 3368 facilis
1217 3314 1312 3369 est
1357 3304 1650 3368 introitus
1697 3325 2133 3387 personarum,
2183 3325 2306 3389 que
2353 3300 2910 3367 constitutionibus
2957 3323 3101 3388 pro-

574 3389 866 3455 hibentur
915 3413 1048 3456 non
1096 3390 1302 3457 solum
1351 3389 1429 3456 ad
1475 3388 1905 3455 solaciandum
1953 3389 2052 3455 vel
2098 3388 2441 3456 videndum
2489 3390 2830 3476 proximaS,
2883 3400 2978 3455 set
3024 3388 3101 3454 ad

575 3476 1144 3559 commedendum,
1201 3476 1545 3544 bibendum
1594 3496 1684 3558 et,
1741 3476 1916 3565 quod
1978 3489 2072 3543 est
2119 3476 2571 3558 detestabiliuS,
2631 3475 3097 3543 dormiendum.

572 3565 803 3646 ImmO,
851 3577 919 3631 ut
967 3564 1166 3631 dicam
1217 3565 1512 3652 ampliUS,
1575 3564 2024 3632 edificaverunt
2071 3567 2132 3631 in
2183 3564 2462 3631 claustris
2510 3566 2864 3651 hospicium
2926 3573 3102 3631 secu-

572 3652 817 3733 laribUS,
850 3676 970 3719 nec
999 3676 1348 3740 peccarem,
1396 3654 1448 3718 si
1482 3652 1758 3719 dicerem
1792 3652 2118 3740 hospitale,
2167 3672 2234 3719 ut
2265 3675 2637 3741 unaqueque
2671 3675 2941 3740 persona
2984 3675 3100 3739 pro

572 3752 734 3807 statu
781 3764 898 3807 suo
949 3739 1366 3808 commodum
1415 3743 1692 3808 inveniat
1752 3764 1899 3807 cum
1947 3740 2186 3807 ordinis
2242 3740 2662 3807 incommodo
2713 3752 2775 3807 et
2821 3743 3100 3807 maximo

574 3828 978 3895 detrimentO.
1072 3828 1195 3894 Ubi
1244 3830 1526 3910 interim,
1576 3827 1727 3894 dum
1777 3830 1967 3895 vestis
2013 3828 2143 3895 lino
2191 3827 2453 3916 lanaque
2503 3830 2888 3910 contexitur,
2950 3828 3100 3894 dum

572 3916 688 3982 bos
751 3916 863 3982 sub
924 3916 1228 4003 iugalibus
1288 3918 1589 3998 sociatur,
1652 3941 1915 3984 censura
1960 3916 2226 3998 silencii,
2285 3917 2639 4003 vigiliarum
2697 3915 2978 3983 debitum
3041 3937 3102 3983 et

573 4005 897 4091 religionis
929 4004 1272 4071 servabitur
1305 4004 1667 4092 disciplina?
1740 4006 1914 4072 Vivit
1948 4004 2263 4071 dominus
2332 4006 2496 4072 Cum
2534 4004 2834 4071 decorem
2868 4004 3098 4071 domus

573 4094 694 4158 Dei
766 4091 1055 4179 diligam,
1122 4115 1254 4158 non
1320 4094 1524 4180 paciar
1594 4094 1718 4159 hoc
1786 4092 2102 4159 dedecusl
2169 4094 2641 4173 convalescere,
2718 4092 2892 4181 quod
2957 4091 3100 4159 ante

571 4193 823 4268 tempus
873 4204 1090 4246 meum
1139 4179 1596 4247 dormientibus
1646 4180 1931 4247 credatur
1977 4181 2340 4248 hominibus
2389 4193 2591 4247 satum
2642 4204 2798 4247 esse.
2871 4181 3102 4266 Exper-

572 4270 887 4354 giscimini
944 4270 1132 4354 igitur
1179 4280 1243 4335 et
1302 4269 1425 4335 hoc
1473 4268 1546 4334 ab
1595 4270 1705 4349 eis»,
1770 4292 1891 4356 que
1938 4292 2180 4335 nomen
2228 4281 2508 4336 vestrum
2567 4291 2754 4355 super
2801 4292 2868 4335 se
2925 4270 3102 4334 invo-

574 4368 811 4437 carunt,
860 4356 1314 4444 opprobrium2
1358 4355 1668 4438 auferatiS,
1717 4356 2091 4424 mandantes
2126 4356 2365 4423 eisdem
2414 4369 2475 4424 et
2507 4379 2695 4443 super
2740 4357 2865 4423 hoc
2912 4358 3102 4422 inter-

575 4443 721 4511 dicti
778 4446 1156 4511 sententiam
1215 4446 1691 4511 ammonicione
1751 4444 2110 4531 preambula
2210 4445 2592 4526 roferente8‚
2696 4457 2962 4511 uatenus
3022 4443 3102 4509 de

575 4544 787 4599 cetero
835 4532 911 4599 ad
958 4532 1095 4599 loca
1141 4532 1506 4599 huiusmodi
1554 4534 1711 4599 intra
1770 4533 2015 4599 claustri
2061 4469 2402 4613 ambitum,
2462 4535 2593 4598 sive
2642 4533 2723 4598 ili
2770 4531 3100 4598 familiares

572 4621 716 4702 sint,
766 4622 896 4688 sive
944 4620 1209 4687 benefici
1256 4632 1544 4708 parentes
1592 4633 1695 4687 aut
1742 4623 1991 4707 patroni
2037 4634 2141 4687 aut
2184 4620 2508 4687 cuiuslibet
2555 4633 2749 4687 status
2804 4622 2902 4686 vel
2950 4643 3102 4685 con-
