3505 5335
542 370 567 412 1
579 349 663 434 48
1708 362 1900 415 Briefe.
2829 362 2873 431 J.
2919 379 2936 414 1
2951 363 3078 433 289..

537 521 747 589 iudicii
795 534 1017 588 contra
1061 522 1235 609 ipsos
1282 521 1451 587 iuxta
1496 519 1769 587 formam
1818 521 2047 608 prioris
2094 519 2372 587 mandati
2412 532 2474 587 et
2519 521 2646 586 iarn
2690 518 3082 607 procedetur

537 608 889 676 secundum
945 608 1219 675 formam
1288 607 1565 675 secunde
1632 609 2137 689 commissioniS,
2207 607 2531 689 videlicet,
2600 626 2668 674 ut
2735 606 2894 674 infra
2960 631 3074 673 sex

539 720 791 764 menses
839 720 1023 764 causa
1081 695 1158 763 ad
1206 698 1444 763 curiam
1499 708 1853 764 revocetur.
1947 697 2084 762 Vos
2132 697 2150 761 i
2198 697 2351 778 itur,
2407 697 2513 784 qui
2569 719 2767 784 usque
2813 694 2936 761 huc
2994 694 3072 761 ad

539 784 980 852 defensionem
1036 797 1394 852 vestrorum
1465 784 1795 850 humilium
1852 785 2095 851 virtutis
2203 783 2523 851 racchium
2581 782 2948 850 extendistis
3008 795 3073 849 et

538 874 772 939 nostris
842 872 1372 960 oportunitatibus
1438 873 1526 939 sic
1591 870 1952 953 affluenter,
2019 872 2107 938 sic
2163 870 2594 938 indesinenter
2648 870 2935 952 affuistis,
3003 890 3082 936 ut‘

537 972 747 1027 totum
786 972 1069 1027 vestrum
1115 962 1214 1042 sit,
1261 958 1436 1048 quod
1480 982 1821 1047 possumus
1870 978 1930 1027 et
1977 958 2152 1047 quod
2198 983 2437 1040 sumuS,
2486 983 2671 1047 super
2719 982 2839 1026 nos
2886 957 3073 1025 solite

539 1049 860 1116 concutite
904 1050 1142 1115 viscera
1187 1048 1454 1135 pietatiS,
1500 1060 1860 1135 pensanteS,
1908 1060 2212 1136 quantum
2259 1047 2568 1134 religiosis
2616 1046 2934 1114 mentibus
2982 1048 3085 1111 in-

538 1148 714 1223 gerat
768 1137 980 1203 oneris
1041 1136 1282 1223 litigare
1339 1147 1402 1202 et
1458 1134 1881 1216 contendere,
1942 1158 2063 1223 que
2121 1135 2337 1202 divino
2386 1134 2576 1202 cultui
2633 1134 2843 1202 dedite
2897 1146 3084 1201 tene-

537 1235 755 1291 rentur
861 1223 1091 1290 acificis
1146 1222 1366 1290 studiis
1430 1223 1741 1291 inherere.
1844 1223 1953 1290 Est
2010 1235 2227 1290 tamen
2295 1223 2519 1289 melius
2577 1246 2723 1289 cum
2778 1221 3083 1310 apostolo

540 1336 660 1379 nec
706 1309 785 1378 ad
876 1335 1055 1377 oram
1103 1310 1327 1378 cedere
1374 1311 1806 1378 subiectione²
1854 1323 1916 1378 et
1963 1334 2160 1378 omne
2208 1311 2445 1378 malum
2491 1312 2618 1399 pati
2664 1334 2853 1399 quam
2900 1308 3082 1376 malo·

541 1400 922 1482 consentire,
970 1422 1052 1466 ne
1093 1400 1588 1486 intemperantes
1636 1398 1817 1488 layci,
1866 1400 1973 1487 qui
2023 1398 2192 1465 clero
2246 1400 2415 1466 iuxta
2462 1398 2789 1465 decretum
2836 1396 3086 1486 opido2>

539 1487 751 1554 infesti
808 1505 990 1568 sunt,
1055 1488 1331 1573 possint,
1397 1486 1571 1575 quod
1628 1487 1743 1553 sibi
1806 1509 2110 1574 personas
2170 1487 2617 1554 ecclesiasticas
2673 1486 3082 1565 subiecerint,

539 1574 812 1663 gloriari.
875 1574 1147 1641 Memini
1178 1597 1370 1663 quem
1418 1598 1723 1662 magnum
1756 1592 2000 1662 patrem
2034 1594 2095 1642 et
2142 1576 2417 1642 amicum
2451 1574 2690 1641 ordinis
2738 1573 3080 1653 dubitasse,

540 1686 623 1729 ne
689 1661 853 1751 forte
919 1661 1138 1729 fratres
1199 1661 1545 1730 deficerent
1607 1674 1671 1729 et
1725 1662 1930 1729 affecti
1990 1661 2165 1730 tedio
2232 1662 2460 1730 fierent
2513 1664 2863 1749 segniores,
2966 1661 3083 1728 Setv

540 1751 792 1818 noverit
821 1761 1027 1817 vestra
1101 1751 1537 1834 reeminentia,
1583 1752 1760 1837 ipsos
1792 1751 2012 1838 spiritu
2059 1763 2279 1822 sancto
2312 1752 2655 1839 inspirante
2701 1762 2878 1817 tanto
2911 1748 3084 1815 fixos

542 1836 847 1925 pondere,
895 1861 1022 1926 quo
1072 1891 1090 1919 ,
1135 1839 1186 1904 si
1235 1839 1373 1926 quis
1419 1838 1485 1905 in
1524 1837 1846 1906 desertum
1894 1838 2058 1904 exilii
2105 1841 2201 1905 sui
2245 1837 2323 1905 ad
2370 1840 2542 1927 ipsos
2590 1839 2830 1920 exierit,
2876 1852 3081 1903 vento

541 1927 800 2013 agitatas
848 1925 1185 1992 arundines
1231 1948 1365 1992 non
1412 1925 1667 1993 videbit.
1737 1927 1960 1992 Unum
2009 1927 2097 1993 eis
2146 1925 2342 2009 deest,
2390 1925 2564 2015 quod
2609 1938 2824 1993 tamen
2868 1943 3086 1992 vestra,

542 2012 1012 2101 magnificentia
1041 2013 1299 2080 faciliter
1330 2013 1619 2102 supplere
1650 2016 1885 2101 poterit
1918 2026 1982 2081 et
2012 2014 2296 2102 implere,
2343 2013 2634 2082 videlicet
2664 2013 2839 2102 quod
2870 2015 3077 2079 iacent

542 2104 606 2167 in
655 2100 936 2188 collegiis
982 2101 1214 2190 absque
1262 2100 1728 2189 sollempnitate
1776 2101 1984 2181 debita
2032 2101 2316 2169 divinum
2370 2098 2655 2169 officium
2702 2103 3085 2169 musitantes

541 2188 643 2256 vel
688 2188 769 2256 ad
814 2188 1105 2256 ecclesias
1152 2189 1525 2256 secularium
1574 2189 2014 2256 discurrentes,
2085 2190 2353 2278 Propter
2398 2189 2572 2278 quod
2617 2190 3079 2277 benignitatem.

542 2288 816 2344 vestram
861 2296 1026 2364 rogo
1074 2276 1392 2344 humiliter
1426 2289 1488 2344 et
1533 2289 1792 2359 attente,
1839 2289 2147 2366 quatenus
2180 2277 2543 2345 concedatis
2588 2278 2737 2365 ipsis
2786 2276 3080 2345 edificare

542 2367 608 2430 in
652 2376 860 2432 vestra
905 2364 1167 2452 dyocesi
1213 2363 1482 2431 domum
1528 2389 1743 2447 unam,
1791 2366 1952 2432 sicut
1996 2378 2203 2433 vestre
2250 2365 2553 2452 placuerit
2594 2365 2924 2448 voluntati,
2970 2365 3080 2432 ubi

542 2453 689 2519 Deo
737 2452 1010 2519 serviant
1042 2465 1105 2520 et
1135 2454 1359 2520 vestris
1405 2452 1786 2519 iussionibus
1817 2465 2076 2541 pareant
2120 2466 2421 2541 tanquam
2453 2453 2724 2520 humiles
2755 2453 2864 2520 filii
2897 2466 3083 2521 tanto

541 2540 700 2628 patri
749 2592 762 2606 .
816 2592 829 2606 .
878 2539 1102 2608 Valeat
1148 2551 1266 2607 etc.
1360 2541 1596 2608 Datum
1645 2542 2035 2607 Wormacie.

758 2757 778 2786 ¹
815 2751 1130 2804 subiectioni
1166 2751 1271 2805 HS.
1348 2752 1448 2805 Die
1486 2752 1649 2806 Stelle
1686 2752 1850 2806 lautet
1888 2754 1962 2805 im
2000 2752 2149 2806 Brief
2187 2753 2254 2805 an
2292 2752 2377 2806 die
2416 2752 2633 2806 Galater
2668 2754 2733 2819 11,
2790 2771 2840 2819 5:
2892 2754 3085 2824 quibus·

543 2836 717 2890 neque
754 2820 821 2873 ad
857 2821 1046 2874 horam
1085 2822 1343 2874 cessimus
1383 2823 1727 2877 subiectione.
1876 2829 1897 2859 ·-'
1932 2822 2132 2893 opiodo
2169 2823 2272 2877 HS.

755 3012 868 3067 Fol.
911 3024 1083 3081 174V.
1141 3013 1244 3066 Die
1280 3014 1396 3067 hier
1423 3014 1698 3068 erwiihnte
1735 3015 1967 3068 secunda
2008 3017 2318 3069 commissio
2346 3017 2462 3084 (des
2490 3018 2738 3087 Papstes)
2765 3016 2926 3069 findet
2965 3017 3086 3069 sich?

544 3098 758 3154 Strassb.
798 3100 909 3154 UB.
948 3099 1012 3166 11,
1058 3099 1155 3167 156
1195 3118 1258 3153 zu
1302 3103 1437 3173 1289
1475 3101 1623 3172 April
1668 3103 1746 3156 16.

1752 3276 1887 3345 132.

759 3395 1288 3486 (Ordensgeneral
1318 3401 1563 3489 Munio)
1615 3399 1845 3466 erklc'irt
1891 3404 1953 3467 in
1999 3403 2105 3467 der
2134 3401 2417 3490 Zofinger
2446 3403 2918 3490 Angelegenheit
2955 3407 3090 3468 eine

547 3499 735 3551 event.
773 3484 1115 3573 Verlegung
1160 3488 1260 3553 des
1291 3489 1628 3553 Konventes
1674 3490 1737 3553 in
1786 3491 1912 3553 eine
1958 3490 2179 3555 andere
2216 3490 2392 3556 Stadt
2436 3490 2584 3576 ohne
2621 3491 3090 3578 Genehmigung

546 3574 646 3639 des
693 3574 1303 3663 Provinzialkapitels
1388 3583 1465 3641 ῐιν
1523 3575 1780 3662 nichtig,
1832 3589 2111 3662 gestattet
2166 3578 2437 3664 dagegen
2494 3577 2873 3644 Uber-nahme
2928 3581 3088 3644 eine-5

547 3662 780 3727 andern
827 3661 1070 3748 Platzes
1116 3665 1179 3728 in
1225 3662 1312 3729 Zo
1360 3686 1535 3749 ngen.
1629 3661 1883 3753 (1289.)

758 3767 1154 3833 Commissio
1188 3766 1267 3833 ad
1311 3767 1707 3834 tractandum
1743 3792 1888 3835 cum
1924 3770 2242 3836 canonicis
2275 3770 2797 3857 ZouingensibuS.
2865 3772 3089 3838 Nove--

548 3856 712 3936 ritis,
761 3853 965 3941 quod,
1021 3856 1070 3919 si
1118 3877 1231 3941 per
1276 3856 1444 3921 viam
1493 3858 1943 3944 compromissi
1989 3856 2090 3923 vel
2137 3857 2347 3923 iudicii
2406 3882 2517 3924 seu
2563 3858 2794 3925 arbitrii
2851 3859 3087 3947 aliquid

547 3939 991 4029 temptandum
1039 3954 1162 4024 est,
1222 3942 1397 4010 nullo
1445 3943 1646 4010 modo
1697 3943 1936 4012 debetis
1982 3944 2082 4011 vel
2139 3946 2406 4031 potestis
2453 3947 2518 4011 in
2572 3946 2802 4035 aliquid
2848 3947 3082 4013 horum

550 4028 861 4096 deducere
903 4041 1136 4096 statum
1170 4029 1424 4112 domus,
1466 4031 1759 4098 videlicet
1791 4032 1964 4120 quod
1997 4044 2422 4115 removeatur,
2469 4057 2618 4099 nam
2650 4034 2776 4101 hoc
2808 4036 3090 4122 pertinet

548 4116 625 4183 ad
660 4117 998 4205 capitulum
1029 4118 1437 4204 provinciale,
1469 4132 1533 4186 et
1562 4119 1737 4207 quod
1770 4132 1990 4187 contra
2021 4120 2256 4187 factum
2288 4120 2493 4202 fuerit,
2526 4120 2804 4189 decerno
2838 4123 3084 4188 irritum

550 4216 612 4271 et
657 4206 864 4271 inane.
944 4205 1008 4271 Si
1054 4218 1267 4273 autem
1316 4206 1395 4273 de
1441 4207 1610 4289 loc0,
1658 4209 1721 4273 in
1769 4231 1899 4296 quo
1948 4231 2117 4274 nunc
2157 4220 2271 4290 est,
2320 4231 2586 4297 usquam
2632 4211 3088 4298 transponitur,

545 4293 613 4358 in
662 4292 896 4360 eodem
942 4305 1154 4360 tamen
1204 4293 1401 4381 opido
1449 4317 1887 4382 permansura,
1944 4297 2167 4363 ceteris
2213 4295 2461 4382 paribus
2506 4299 2743 4385 poterit
2788 4297 3088 4364 tollerari-

547 4381 688 4447 Nec
736 4379 1088 4462 confidatis,
1137 4380 1309 4469 quod
1356 4381 1625 4470 aliquam
1672 4385 2071 4470 reputatione
2104 4382 2362 4470 dignam
2408 4383 2902 4452 satisfactionem
2948 4386 3091 4452 sitis

548 4490 665 4555 pro
731 4467 912 4535 illatis
970 4467 1152 4535 vobis
1215 4471 1456 4536 iniuriis
1520 4470 1807 4538 habituri.
1914 4472 2082 4538 Nam
2147 4470 2299 4538 tales
2359 4471 2652 4539 molestie
2716 4472 3084 4540 submoveri

550 4555 1175 4643 compensationibus
1235 4570 1722 4626 consueverunt.
1818 4557 2020 4639 Quod
2066 4560 2239 4626 enim
2283 4582 2402 4626 vos
2450 4559 2727 4627 dixeritis
2774 4583 3085 4648 magnum

549 4666 709 4725 esse,
757 4643 841 4709 illi
887 4642 1216 4711 modicum
1262 4645 1673 4732 reputabunt,
1723 4658 1786 4713 et
1834 4645 2008 4734 quod
2053 4646 2138 4713 illi
2184 4670 2491 4734 magnum
2535 4671 2654 4716 vos
2699 4660 2817 4715 etc.
2910 4647 3085 4714 Nulli
