3505 5335
559 330 638 410 56
1733 345 1922 400 Briefe.
2849 349 2893 417 J.
2939 348 3073 411 1264

1795 503 1852 571 8.

775 624 1265 711 Ordensgeneral
1322 628 1625 710 Iohannes
1689 626 2079 692 beantwortet
2135 627 2247 693 das
2305 627 2622 694 Schreiben
2690 628 2789 692 des
2844 627 3090 716 Papstes

558 710 809 814 (Urbem
841 714 879 779 I
883 715 948 779 V.
951 716 1003 797 ),
1051 715 1382 868 verssriqht
1425 714 1794 817 Gebetshilfe
1840 714 1939 779 des
1979 713 2218 780 Ordens
2263 715 2391 780 und
2435 714 2732 803 empfiehlt
2777 715 3088 781 denselben

553 824 770 866 semem
827 802 1080 888 Schutze
1128 801 1166 890 (
1211 825 1338 869 αγις
1390 806 1557 888 1264
1602 803 1799 893 Junz).

766 907 1180 974 Sanctissimo
1229 910 1386 996 patri
1434 933 1503 976 ac
1551 907 1819 975 domino
1854 909 1998 975 Deo
2045 910 2242 996 gratia
2279 928 2675 975 sacrosancte
2723 932 2793 974 ac
2842 910 3089 975 univer-

554 993 695 1060 salis
759 996 1020 1062 ecclesie
1083 1020 1339 1063 summo
1397 995 1682 1083 pontifici
1738 996 1927 1063 frater
1984 997 2306 1080 Johannes
2374 1015 2491 1063 etc.
2542 1020 2608 1062 se
2669 998 2875 1083 ipsum
2944 1019 3085 1062 cum

554 1082 905 1150 humilitate
952 1084 1265 1169 profunda
1313 1084 1390 1151 ad
1432 1084 1664 1171 pedum
1729 1084 1944 1152 oscula
2003 1084 2354 1151 beatorum.
2434 1086 2663 1151 Vestre
2697 1083 3089 1170 dignacionis

557 1182 618 1236 et
663 1173 860 1257 gratie
908 1184 1191 1259 receptas
1247 1172 1481 1240 litteras
1529 1197 1676 1239 cum
1724 1174 2088 1239 reverencie
2150 1172 2357 1240 debite
2403 1172 2702 1239 famulatu
2748 1171 2966 1238 fratres
3021 1174 3089 1236 in

555 1258 826 1346 capitulo
861 1259 976 1326 sibi
1008 1261 1197 1328 lectas
1230 1261 1601 1349 at(t)entius
1637 1280 1697 1328 et
1730 1260 2022 1328 devotius
2055 1260 2405 1341 audierunt,
2439 1259 2612 1349 quod
2645 1259 3088 1327 continebatur

554 1348 618 1411 in
669 1348 777 1428 εἰς,
827 1361 1122 1435 prompta
1168 1348 1369 1416 fidelis
1418 1348 1934 1438 exequ(u)tionis
1983 1348 2353 1416 obediencia
2384 1348 2698 1436 inpleturi.
2756 1347 3085 1414 Intellecto

553 1434 886 1522 siquidem,
935 1436 1109 1524 quod
1156 1460 1305 1518 voS,
1356 1439 1718 1504 communis
1768 1439 2062 1504 omnium
2110 1449 2284 1524 pater
2333 1449 2395 1503 et
2453 1438 2740 1523 ipsorum
2788 1435 3087 1502 dominus

554 1523 953 1609 spirituales‚1
999 1524 1362 1591 collisiones
1408 1524 1718 1591 fluctuum
1766 1525 2177 1592 adversorum
2212 1526 2697 1613 circumquaque
2745 1525 3085 1603 sustineti5‚

554 1623 616 1678 et
662 1633 795 1676 non
843 1612 1051 1678 solum
1100 1612 1284 1680 alieni
1331 1637 1365 1680 a
1412 1613 1538 1679 fide
1585 1633 1679 1680 set
1727 1615 1792 1679 in
1841 1611 1989 1679 fidei
2022 1624 2418 1679 sacramento
2465 1614 2665 1679 renati
2711 1613 2839 1677 suis
2871 1623 3084 1678 tamen

555 1699 912 1766 criminosis
974 1700 1212 1768 actibus
1279 1713 1342 1768 et
1415 1703 1725 1788 perversis
1791 1701 2039 1767 alienati
2104 1701 2178 1767 ab
2245 1712 2427 1767 utero
2490 1702 2705 1766 matris
2766 1723 2877 1766 sue
2941 1698 3086 1765 facti

553 1787 901 1873 degeneres
937 1800 999 1855 et
1030 1790 1301 1876 privigni
1336 1788 1782 1856 excellenciam
1816 1790 2158 1856 sanctitatis
2192 1800 2449 1876 paterne
2483 1790 2546 1854 in
2574 1787 2836 1854 diversis
2863 1786 3083 1853 mundi

551 1874 825 1961 partibus
858 1876 1150 1944 audacius
1184 1890 1247 1944 et
1292 1876 1705 1964 periculosius
1739 1876 2274 1965 persequ(u)ntur
2307 1888 2370 1943 et
2417 1888 2636 1944 contra
2668 1895 2875 1942 vestre
2909 1898 3086 1941 com-

551 1964 862 2050 passionis
921 1965 1161 2031 viscera
1235 1966 1351 2032 hec
1409 1966 1663 2032 veniant
1744 1966 2067 2045 universa,
2148 1967 2253 2054 qui
2321 1966 2608 2052 patimini
2684 1965 2746 2028 in
2827 1962 3086 2050 singulis

551 2051 947 2137 passionibus
1004 2052 1433 2134 subditorum,
1501 2052 1720 2120 dolent
1767 2053 2219 2120 vehemencius
2278 2065 2601 2140 tamquam
2651 2050 2912 2117 menbra
2972 2051 3084 2117 hu-

551 2138 811 2206 millima
843 2141 908 2205 in
957 2142 1052 2206 sui
1086 2143 1302 2228 capitis
1349 2141 1613 2222 lesione,
1662 2165 1811 2208 cum
1853 2140 2127 2208 deflente
2176 2140 2434 2221 deflent,
2483 2164 2628 2207 cum
2661 2139 2930 2217 turbam,
2979 2140 3086 2226 qui

549 2250 664 2314 pro
714 2227 1011 2294 omnibus
1060 2231 1287 2310 uritur,
1350 2229 1495 2297 licet
1541 2228 1953 2310 dissimiliter,
2017 2229 2474 2316 perturbantur.
2568 2229 2707 2295 Nec
2754 2228 2986 2292 mirum
3034 2228 3083 2290 si

549 2338 666 2401 pro
709 2327 888 2383 tanto
923 2316 1191 2383 domino
1224 2330 1398 2405 patre
1430 2331 1558 2386 tam
1607 2316 2071 2404 benignissimo
2105 2315 2479 2403 affligantur,
2530 2317 2701 2402 cujus
2734 2313 2811 2381 ad
2843 2313 3086 2380 ordinis

549 2402 842 2471 affectum
914 2406 1248 2486 intimum,
1316 2405 1756 2473 benivolencie
1829 2407 2092 2492 gratiam
2173 2406 2365 2491 ipsius
2428 2403 2673 2470 domini
2737 2403 3087 2469 transmissi

549 2492 891 2558 venerandi
939 2495 1144 2580 apices
1192 2494 1430 2582 liquido
1480 2494 2016 2561 demonstrarunt.
2108 2494 2378 2579 Propter
2423 2491 2630 2580 quod,
2692 2492 3084 2558 sanctissime

549 2590 723 2666 pater
756 2603 826 2647 ac
859 2579 1142 2664 domine,
1192 2605 1307 2671 pro
1342 2582 1552 2650 salutis
1585 2594 1793 2649 vestre
1827 2582 2321 2649 conservacione
2354 2582 2582 2667 pariter
2616 2592 2678 2647 et
2711 2597 3081 2666 augmentO,

549 2690 664 2755 pro
712 2680 874 2736 statu
908 2669 1172 2756 pacifico
1207 2683 1270 2738 et
1302 2670 1635 2759 tranquillo
1684 2670 2050 2738 universalis
2084 2670 2344 2738 ecclesie
2392 2670 2671 2735 iniuncte
2706 2679 2852 2734 sunt
2891 2666 3082 2733 misse

551 2775 613 2822 et
661 2757 984 2824 orationes
1031 2758 1146 2824 alie
1196 2758 1495 2846 speciales
1558 2758 1845 2825 fratribus
1906 2758 2203 2824 omnibus
2251 2759 2314 2823 in
2363 2756 2624 2824 diversis
2682 2754 2903 2823 mundi
2949 2778 3086 2843 par-

546 2844 710 2910 tibus
760 2847 1117 2912 constitutis
1164 2858 1342 2914 tanto
1390 2846 1696 2914 solvende
1742 2847 2096 2913 fervencius
2145 2859 2205 2913 et
2255 2843 2606 2912 exhibende
2653 2842 2929 2924 fidelius,
2993 2844 3086 2908 in-

549 2934 822 2999 stancius
896 2934 1302 3022 exequende,
1369 2948 1606 3024 quanto
1669 2936 1793 3002 hoc
1860 2936 2117 3023 requirit
2190 2933 2457 3021 amplius
2523 2931 2801 3020 undique
2862 2930 3084 2998 dolosa

549 3019 878 3102 calliditas,
943 3034 1154 3109 aperta
1226 3024 1456 3090 sevicia
1527 3035 1589 3091 et
1659 3022 1926 3090 crudelis
1987 3023 2375 3102 immanita5‚
2450 3044 2573 3122 que
2634 3032 2856 3088 contra
2919 3017 3084 3085 sedis

548 3131 581 3173 a
629 3108 895 3176 ostolice
960 3109 1417 3199 benignitatem
1486 3131 1546 3178 et
1613 3110 2170 3178 mansuetudinem
2234 3111 2603 3196 gravisslme
2671 3107 3081 3174 insolescunt.

549 3131 719 3277 <guia
764 3221 919 3264 vero
968 3198 1083 3265 sub
1128 3218 1337 3266 vestre
1385 3199 1781 3286 dignacionis
1828 3210 2118 3285 respectu
2172 3199 2348 3295 quasi
2402 3195 2776 3285 quibusdam
2837 3196 3082 3282 pietatis

548 3284 656 3351 alis
720 3285 881 3353 ordo
942 3298 1162 3355 noster
1218 3287 1581 3370 roboratur,
1645 3289 1999 3375 protegitur
2065 3298 2127 3353 et
2175 3291 2456 3365 fovetur,
2522 3284 2805 3372 supplico
2869 3293 3077 3350 vestre

549 3372 913 3459 plenissime
973 3394 1035 3441 et
1095 3374 1528 3444 efficacissime
1590 3376 1886 3464 potestati
1945 3376 2008 3440 in
2066 3374 2241 3440 brevi
2303 3384 2621 3440 annuente
2679 3371 2946 3438 domino
3006 3369 3083 3435 ad

549 3481 821 3528 vestram
870 3466 1254 3550 presentiam
1303 3488 1687 3545 accessuruS,
1737 3482 1805 3530 ut
1852 3462 2071 3528 fratres
2119 3463 2324 3529 tocius
2375 3460 2614 3527 ordinis
2660 3459 2841 3527 vobis
2889 3457 3083 3523 devo-

546 3551 829 3616 tissimos
875 3552 1041 3637 juxta
1075 3571 1451 3640 conceptam
1502 3551 1579 3618 de
1613 3564 1820 3619 vestra
1864 3549 2251 3638 benignitate
2284 3548 2579 3616 fiduciam
2628 3570 2827 3634 prona
2858 3545 3078 3632 digne-

547 3639 705 3704 mini
760 3637 1187 3705 benivolentia
1244 3639 1620 3721 confovere,
1689 3639 2023 3727 oportunis
2080 3637 2318 3704 eisdem
2391 3636 2610 3703 adesse
2677 3632 2959 3723 presidiis
3021 3645 3083 3699 et

547 3727 830 3811 ipsorum
877 3737 1110 3793 statum
1159 3729 1456 3814 congruis
1504 3726 1805 3794 roborare
1838 3725 2153 3793 favoribus
2202 3745 2263 3792 et
2310 3727 2372 3791 in
2408 3724 2633 3791 melius
2682 3744 3078 3789 conservare.

761 3909 777 3937 ¹
817 3901 991 3971 spales
1042 3903 1138 3955 mit
1190 3903 1765 3972 fibergeschriebenem
1803 3920 1857 3968 a,
1905 3902 2020 3955 also
2068 3902 2245 3971 gleich
2293 3900 2587 3971 spirituales
2626 3898 2755 3951 oder
2807 3897 3080 3967 speciales,

545 3970 815 4024 Letzteres
854 3972 1002 4025 liesse
1041 3972 1154 4024 sich
1193 3972 1477 4044 allerdings
1516 3974 1611 4025 mit
1650 3972 1955 4025 collisiones
1995 3971 2297 4025 verbinden.

756 4130 867 4184 Fol.
905 4145 970 4183 22
990 4143 1044 4196 v,
1084 4131 1177 4185 Nr.
1217 4129 1265 4184 6.
1324 4132 1382 4183 In
1419 4131 1631 4201 Ripolli‚
1671 4131 1958 4184 Bullarium
1996 4131 2019 4182 I
2058 4130 2163 4183 und
2200 4130 2462 4194 Potthast,
2501 4129 2737 4197 Regesta
2763 4123 3080 4179 Pontificum

544 4217 706 4271 findet
745 4220 856 4272 sich
895 4219 1015 4272 kein
1042 4219 1330 4272 Schreiben
1355 4218 1564 4271 Urbans
1602 4219 1692 4272 IV.
1721 4235 1829 4270 von
1860 4216 1994 4281 1264
2030 4235 2096 4270 an
2137 4217 2228 4270 das
2269 4214 2696 4286 Generalkapitel
2723 4213 3078 4267 verzeichnet.

550 4305 676 4374 1265
707 4306 856 4376 April
895 4322 956 4375 23
1000 4306 1184 4360 sandte
1223 4306 1481 4359 Klemens
1519 4307 1610 4361 IV.
1651 4305 1734 4358 die
1762 4305 1910 4358 Bulle
1950 4305 2245 4376 »Splendor
2283 4314 2500 4376 paterne
2538 4303 2774 4374 gloriae«
2803 4299 3078 4370 (Potthast

550 4409 715 4465 19102
755 4395 860 4447 und
896 4396 948 4446 in
989 4411 1205 4447 unserer
1242 4394 1345 4447 HS.
1383 4393 1496 4448 Fol.
1542 4397 1631 4463 35)
1669 4412 1735 4447 an
1775 4392 1867 4446 das
1906 4392 2039 4446 G.K.
2079 4411 2142 4446 zu
2178 4392 2535 4464 Montpellier.
2592 4390 2752 4443 Doch
2790 4389 2929 4441 kann
2966 4387 3080 4441 sich

545 4483 731 4553 obiges
760 4482 1063 4548 Schreiben,
1105 4500 1239 4552 ganz
1268 4482 1573 4552 abgesehen
1606 4499 1712 4534 von
1739 4481 1843 4534 den
1882 4481 2079 4534 andern
2104 4478 2690 4551 Datierungsgrfinden,
2730 4475 2918 4529 darauf
2936 4476 3081 4528 nicht

544 4571 815 4636 beziehen,
854 4570 978 4623 weil
1018 4570 1101 4623 die
1140 4570 1381 4623 offenbar
1419 4570 1511 4623 der
1538 4570 1687 4623 Bulle
1727 4579 2114 4623 entnommene
2141 4569 2303 4622 Stelle
2340 4569 2470 4621 iiber
2508 4567 2592 4620 die
2616 4564 2906 4634 Verfolger
2932 4563 3079 4616 fehlt.
