3505 5335
402 348 446 417 J.
492 362 641 414 1272.
1577 347 1768 400 Briefe.
2858 351 2938 414 79

403 507 518 572 rite
584 505 992 591 elegerimus,
1054 507 1245 593 ipsius
1310 505 1638 573 electionis
1687 504 2012 572 decretum
2061 524 2267 571 vestre
2333 505 2685 571 reverentie
2745 517 2943 571 trans—

404 594 759 674 mittenteS,
815 595 1255 681 paternitatem
1302 606 1574 661 vestram
1635 617 1937 680 rogamus
1996 605 2059 660 et
2113 615 2225 680 per
2271 593 2394 659 Dei
2442 591 2940 659 misericordiam

404 680 841 762 obsecramuS,
906 683 1197 770 quatinus
1260 683 1454 748 totius
1520 682 1835 769 provintie
1910 693 2128 748 nostre
2194 692 2575 767 conceptum
2654 678 2733 746 de
2800 681 2940 767 ipso

401 768 704 854 gaudium
751 769 1060 856 impleatis
1108 793 1239 836 non
1288 768 1708 850 attendenteS,
1755 771 1806 834 si
1846 793 1997 858 quas
2046 769 2397 856 porrexerit
2443 770 2508 834 in
2556 769 2939 835 contrarium

403 857 758 945 supplicans
792 859 1089 937 rationeS,
1137 875 1232 924 set
1265 858 1477 938 ciciuS,
1510 856 1683 946 quod
1717 855 1796 923 de
1829 858 1968 944 ipso
2001 856 2235 923 factum
2270 868 2384 937 est,
2429 855 2942 923 confirmacionis

405 968 670 1012 munere
718 946 1129 1012 consumetis.
1208 945 1679 1012 Nichilominus
1727 946 1901 1011 enirn
1948 943 2313 1011 adinvenire
2359 967 2720 1031 possumuS,
2815 943 2941 1011 uod

406 1031 549 1098 darn
596 1057 751 1098 num
813 1034 1130 1120 provintie
1188 1057 1602 1121 compensare
1662 1031 1924 1114 valeret,
1989 1034 2039 1097 si
2105 1055 2222 1098 suo
2284 1030 2362 1098 de
2433 1033 2567 1118 ipso
2627 967 2942 1098 desiderio

404 1119 538 1186 frau
584 1132 827 1203 aretur,
884 1123 1087 1186 immo
1143 1120 1373 1187 rubore
1421 1133 1484 1188 et
1531 1120 1964 1187 erubescentia
2010 1119 2383 1207 repleretur,
2446 1121 2529 1201 si,
2597 1119 2679 1185 ob
2770 1143 2944 1185 uam-

408 1231 657 1297 cunque
689 1232 960 1290 causam,
1008 1207 1181 1296 quod
1230 1208 1548 1275 humiliter
1579 1220 1800 1296 postea
1832 1210 2083 1296 petitur,
2129 1226 2484 1294 negaretur.
2563 1208 2654 1273 Ex
2702 1230 2735 1273 e
2783 1206 2945 1274 iebat

409 1297 579 1362 enim
619 1295 957 1363 litteratum
1003 1309 1066 1364 et
1110 1320 1368 1384 gravem
1411 1298 1742 1385 presertim
1790 1296 1907 1362 hiis
1954 1295 2346 1383 temporibus
2381 1231 2695 1382 ejusmodi
2728 1293 2943 1361 officio

408 1383 730 1471 implicari,
778 1384 1033 1472 quando
1067 1384 1264 1451 multe
1313 1397 1375 1452 et
1406 1384 1688 1451 difficiles
1736 1407 1923 1450 cause
1970 1407 2041 1450 ac
2075 1385 2265 1450 etiam
2314 1407 2482 1450 nove
2528 1383 2782 1450 hereses
2820 1383 2945 1449 sint

407 1489 626 1538 exorte
660 1490 722 1538 et
752 1474 877 1559 jam
911 1473 1239 1539 immineat
1270 1472 1566 1559 generale
1599 1472 1965 1553 concilium,
1999 1474 2063 1537 in
2097 1494 2224 1560 quo
2257 1494 2374 1558 pro
2410 1469 2649 1537 ordinis
2694 1471 2944 1537 honore

408 1571 468 1626 et
515 1561 822 1626 tutamine
869 1561 985 1627 viri
1031 1562 1336 1647 sapientie
1384 1563 1602 1648 spiritu
1650 1558 1932 1626 illustrati
1980 1557 2329 1625 admodum
2378 1561 2733 1641 necessarii,
2785 1560 2946 1625 sicut

408 1646 699 1728 creditur,
750 1647 1161 1714 habebuntur.

620 1822 730 1876 Fol.
776 1821 909 1876 16³⁷.
984 1823 1095 1874 Das
1144 1823 1358 1889 (zweite
1411 1822 1645 1894 Lyoner)
1693 1821 1911 1888 Konzil,
1964 1822 2179 1875 worauf
2217 1822 2331 1874 hier
2376 1822 2747 1892 hingewiesen
2795 1821 2945 1887 wird,

407 1909 591 1961 wurde
630 1927 716 1962 am
761 1925 839 1978 31.
878 1910 1023 1962 Marz
1068 1924 1198 1978 1272
1238 1909 1509 1978 (Potthast
1546 1909 1640 1963 Nr.
1670 1911 1863 1977 20525)
1902 1918 2075 1962 zuerst
2114 1910 2491 1980 angekundigt.
2558 1909 2843 1963 Vielleicht
2880 1911 2947 1962 ist

408 1997 580 2050 dieses
619 1997 911 2050 Schreiben
959 1997 1042 2049 die
1080 1996 1249 2066 Folge
1297 1997 1443 2049 eines
1488 1997 1902 2050 Bittschreibens
1952 1997 2045 2050 des
2085 1997 2407 2051 Gewahlten
2463 2015 2529 2050 an
2576 1997 2679 2050 den
2716 1997 2948 2051 General

408 2102 498 2138 um
535 2085 683 2138 seine
709 2085 1234 2156 Nichtbestiitigung.
1293 2083 1477 2138 Ulrich
1502 2084 1629 2137 hebt
1657 2084 1802 2137 darin
1829 2084 2041 2151 hervor,
2081 2083 2192 2137 dass
2220 2084 2319 2151 die,
2358 2084 2569 2138 welche
2596 2084 2687 2137 ihn
2713 2101 2949 2155 genauer

406 2173 654 2239 kennten,
694 2173 763 2226 ob
801 2173 894 2226 der
932 2172 1338 2243 ungewohnten
1376 2172 1500 2226 Last
1539 2171 1622 2225 fiir
1658 2173 1749 2224 ihn
1789 2172 2039 2243 bangten,
2080 2172 2245 2243 quod,
2287 2190 2408 2226 cum
2445 2181 2605 2226 tenue
2643 2173 2765 2239 hoc,
2806 2172 2949 2244 quod

408 2261 740 2327 circumferO,
781 2277 1166 2331 consumpsero
1205 2277 1423 2330 corpu5‚
1472 2277 1582 2313 non
1622 2269 1797 2313 careat
1835 2260 2179 2326 detrimentO,
2230 2262 2317 2332 qui
2365 2260 2561 2314 studuit
2598 2261 2947 2331 pinguescere

408 2350 617 2418 spiritus
657 2357 708 2402 et
746 2348 1120 2402 nichilominus
1160 2351 1212 2402 in
1250 2347 1409 2401 scolis
1448 2347 1838 2418 presidencium
1877 2347 2150 2418 proficiam
2189 2366 2390 2419 parum.

1625 2573 1708 2643 45

620 2701 755 2765 Der
819 2698 1310 2787 Ordensgeneral
1339 2697 1403 2875 ί
1394 2700 1722 2791 Iohannes)
1783 2700 2062 2787 bestc’itigt
2131 2702 2226 2766 die
2290 2702 2378 2766 W
2373 2701 2481 2768 ahl
2544 2702 2645 2766 des
2701 2700 2947 2767 Lektors

420 2788 631 2854 Ulrich
677 2811 818 2874 (um
867 2787 1242 2873 Provinzial.
1373 2788 1629 2879 1272),

620 2894 924 2979 Magister
957 2891 1294 2959 confirmat
1323 2893 1797 2979 provincialem.
1870 2894 1942 2959 In
1978 2893 2235 2960 Christo
2270 2892 2385 2959 sibi
2418 2894 2749 2961 karissimo
2780 2894 2950 2960 fratri

411 2979 701 3069 Ul(rico)
750 2980 973 3047 lectori
1021 2992 1376 3047 conventus
1425 2982 1911 3067 Argentinensis
1961 2993 2078 3048 etc.
2174 2982 2342 3048 Cum
2391 2983 2470 3048 sit
2518 2983 2719 3048 homo
2768 2994 2950 3049 natus

412 3071 715 3156 scripture
762 3069 1135 3135 testimonio
1184 3067 1261 3134 ad
1323 3068 1606 3135 laborem
1655 3081 1718 3136 et
1775 3068 1921 3136 ideo
1970 3071 2225 3136 racione
2275 3068 2548 3136 docente
2607 3069 2951 3137 illuminata

409 3179 522 3243 per
566 3154 759 3222 fidem
809 3157 956 3223 ocio
1002 3155 1283 3242 relegato
1334 3155 1433 3222 ille
1464 3156 1790 3242 invigilare
1839 3155 2060 3223 studiis
2094 3156 2527 3243 compellatur,
2575 3160 2681 3245 qui
2714 3157 2950 3224 fructus

410 3244 650 3331 pariant
728 3243 1023 3325 loriosOS,
1070 3242 1215 3310 licet
1245 3267 1363 3310 vos
1396 3241 1474 3309 ad
1512 3243 1655 3310 talia
1685 3244 1923 3311 hortari
1957 3243 2347 3331 superfluum
2378 3243 2680 3325 videatur,
2728 3244 2951 3332 quibus

413 3356 489 3397 ex
554 3354 670 3418 pro
700 3356 837 3398 esse
904 3329 1276 3398 obediencie
1332 3342 1488 3397 voto
1547 3354 1665 3397 vos
1720 3330 2073 3398 voluntarie
2142 3330 2522 3418 suquecistiS,
2590 3356 2669 3398 ne
2735 3343 2950 3398 tamen

410 3418 697 3485 fraternis
723 3418 943 3485 deesse
969 3417 1332 3486 commodis
1357 3437 1629 3506 reputer,
1662 3418 1887 3507 quibus
1911 3417 2241 3485 intendere
2268 3430 2515 3500 teneor,
2542 3444 2620 3485 ex
2645 3421 2950 3506 imposito

412 3508 606 3574 michi
653 3506 868 3574 officio
919 3508 1187 3573 caritatis
1232 3518 1440 3590 vestre
1499 3506 1878 3573 discrecioni
1935 3507 2338 3594 presencium
2384 3508 2757 3573 auctoritate
2813 3530 2952 3594 pre-

412 3596 611 3682 cipio,
677 3606 745 3661 ut
803 3596 1113 3682 prioratus
1169 3594 1570 3682 provincialis
1636 3593 1955 3676 officium,
2022 3593 2098 3661 ad
2159 3594 2334 3683 quod
2392 3617 2505 3681 per
2570 3594 2951 3662 electionem

413 3685 784 3749 canonicam
841 3694 1198 3770 assumptus
1247 3684 1394 3749 estis
1451 3684 1514 3749 in
1563 3695 1771 3750 vestra
1815 3684 2140 3769 provincia
2196 3685 2362 3768 juxta
2408 3684 2612 3749 nostri
2671 3684 2954 3750 instituta

413 3769 652 3836 ordinis
701 3770 1107 3851 celebratam,
1166 3793 1353 3859 quam
1404 3769 1551 3837 duxi
1598 3770 1676 3836 ad
1722 3770 2227 3858 postulacionem
2279 3770 2661 3858 eligencium
2725 3770 2955 3838 confir-

412 3857 732 3939 mandam,
779 3858 1090 3945 recipiatis
1137 3858 1486 3940 humiliter,
1537 3857 1833 3925 electioni
1879 3858 2118 3946 prefate
2167 3882 2556 3926 consensum
2603 3871 2736 3926 tam
2784 3859 2953 3927 debi-

411 3957 550 4012 tum
598 3969 788 4034 quam
833 3944 1081 4013 facilem
1131 3945 1602 4034 impendente3‚
1653 3946 1770 4012 hiis
1818 3945 2108 4028 tandem,
2157 3948 2317 4014 sicut
2364 3946 2441 4014 de
2489 3947 2670 4014 vobis
2718 3950 2953 4015 iustum

415 4045 511 4100 est
557 4032 812 4100 credere
859 4045 920 4100 et
976 4035 1241 4115 sentire,
1300 4034 1586 4122 pervigili
1631 4032 2055 4101 sollicitudine
2101 4034 2455 4102 secundum
2502 4034 2712 4102 datam
2773 4035 2954 4102 vobis

411 4122 689 4207 graciam
735 4120 1158 4203 intendenteS,
1209 4134 1276 4189 ut
1308 4146 1454 4188 cum
1488 4122 2057 4210 circumspectione
2103 4121 2368 4208 provida
2401 4122 2689 4189 edificare
2736 4122 2955 4190 fratres

413 4221 626 4277 vestro
675 4211 1060 4364 {prlrimissos
1106 4210 1401 4297 regimini
1433 4211 1680 4277 valeant
1725 4229 1788 4277 et
1833 4209 1912 4276 ad
1957 4208 2324 4277 ulteriorem
2371 4212 2646 4298 graciam
2694 4232 2955 4297 promo-

413 4320 581 4364 vere.
739 4322 772 4364 a
798 4315 918 4364 ete.

626 4472 738 4526 Fol,
782 4489 862 4526 11.
938 4474 997 4526 In
1038 4475 1216 4527 einen]
1254 4475 1482 4527 zweiten
1522 4472 1801 4527 offizielleu
1843 4473 2131 4526 Schreiben
2177 4473 2349 4526 erteilt
2389 4473 2481 4526 der
2520 4472 2955 4543 Ordensgeneral

411 4560 498 4612 die
538 4560 914 4631 Bestatigung3
954 4565 1007 4615 in
1047 4563 1224 4615 einem
1261 4562 1452 4615 dritten
1491 4580 1557 4615 an
1596 4561 1790 4614 andere
1828 4561 1943 4614 teilt
1982 4578 2037 4614 er
2075 4560 2282 4630 freudig
2321 4560 2404 4613 die
2443 4561 2794 4631 Bestiitigung
2831 4563 2952 4615 rnit:

411 4664 575 4718 quem
614 4657 829 4719 propter
867 4650 1164 4719 graciarum
1200 4649 1570 4720 multiplicium
1608 4649 1762 4702 dotes
1802 4650 2074 4719 cognitum
2114 4649 2288 4702 habeo
2316 4657 2368 4701 et
2406 4648 2671 4703 dilectum.
2731 4649 2843 4704 Fol.
2876 4667 2953 4719 17.
