3505 5335
538 363 622 426 94
1708 356 1898 409 Briefe.
2829 359 2874 427 J.
2921 373 3070 425 1275.

1750 530 1850 597 66.

749 653 1105 741 Provinzial
1153 652 1432 743 (Ulrich)
1480 653 1609 719 teilt
1654 654 1789 719 dem
1836 654 2016 720 Prior
2075 655 2175 720 des
2221 655 2690 721 Halberstlidter
2737 655 3074 720 Konventes

540 745 668 822 mit,
719 766 784 807 er
829 740 981 807 habe
1026 743 1139 807 den
1185 742 1458 828 dortigen
1509 741 1800 829 Subprior
1847 744 1956 807 mit
2001 743 2108 807 der
2159 743 2506 830 Grimdung
2551 743 2651 808 des
2697 742 2965 808 Klosters
3010 746 3073 808 in

539 829 845 915 Prenzlau
893 827 1267 917 beauftragt,
1315 830 1443 894 und
1484 829 1739 895 schreibt
1786 828 1932 895 iiber
1976 832 2136 895 scine
2186 831 2570 897 Gesundheit.
2665 826 2918 920 (1275.)

747 968 1155 1036 Provincialis
1215 970 1409 1056 priori
1464 968 1998 1036 Halberstadensi.
2091 971 2441 1037 Karissimo
2506 982 2568 1037 et
2625 968 2801 1036 infra.
2904 970 3074 1051 Quia

536 1059 601 1123 in
650 1056 1001 1137 Prinzlaua,
1055 1056 1322 1123 meliore
1367 1055 1658 1123 videlicet
1703 1068 1871 1123 terra
1918 1069 1979 1124 et
2035 1058 2282 1125 civitate
2338 1057 2809 1124 marchionatus
2856 1081 3073 1124 versus

536 1143 965 1233 Po(r)zwalc,
1033 1143 1182 1210 utile
1242 1143 1422 1211 valde
1470 1164 1533 1210 et
1591 1146 2015 1211 necessarium
2064 1147 2268 1212 visum
2320 1157 2414 1212 est
2469 1147 2749 1232 recipere
2805 1144 3069 1211 domum

538 1255 761 1312 unam,
822 1233 983 1298 sicut
1028 1233 1202 1319 prior
1247 1231 1568 1298 Hildensis
1614 1231 1797 1299 vobis
1858 1256 2177 1320 exponere
2238 1234 2472 1320 poterit
2516 1235 2663 1315 viva,
2703 1255 2893 1313 voce,
2949 1234 3071 1299 iam

535 1319 754 1387 fratres
822 1318 966 1385 illuc
1046 1318 1356 1420 quosdam
1426 1318 1662 1386 electos
1741 1318 1819 1385 ad
1894 1320 2343 1407 capessendam
2418 1320 2627 1387 datam
2707 1321 2855 1407 ipsis
2929 1344 3073 1386 cum

538 1407 722 1475 bonis
780 1425 842 1473 et
904 1406 1116 1473 mulus
1178 1405 1437 1473 edificiis
1496 1429 1705 1474 aream
1763 1406 2089 1475 destinavi.
2182 1407 2284 1474 Ad
2340 1408 2514 1497 quod
2571 1406 2906 1493 reverendi
2959 1409 3073 1474 viri

538 1497 781 1583 priores
838 1495 1269 1582 circumpositi
1333 1517 1516 1581 supra
1571 1496 1872 1562 virtutem
1938 1495 2271 1562 voluntarii
2341 1508 2489 1562 sunt
2552 1497 2816 1583 reperti,
2884 1494 3074 1561 nichil

537 1582 904 1649 arbitrantes
944 1583 1256 1649 terminos
1298 1583 1609 1661 amittere,
1656 1584 2008 1648 necessaria
2051 1582 2334 1670 prebere,
2381 1583 2599 1650 fratres
2645 1583 2761 1649 sibi
2810 1581 3073 1649 dilectos

538 1669 682 1737 illuc
739 1671 1026 1751 mittere,
1092 1692 1253 1757 quos
1315 1675 1419 1735 vix
1478 1693 1756 1757 unquam
1817 1693 1887 1736 se
1946 1688 2275 1737 autumant
2336 1682 2724 1758 recepturos,
2830 1671 3073 1736 Verum

538 1760 681 1846 quia
726 1759 891 1824 inter
937 1777 1215 1838 ceterOS,
1277 1758 1384 1845 qui
1431 1756 1508 1823 ad
1555 1769 1931 1824 structuram
1977 1757 2356 1824 tabernaculi
2402 1761 2467 1824 in
2515 1756 2781 1824 cordum
2838 1757 3073 1845 simpli-

540 1847 723 1912 citate
785 1857 847 1912 et
905 1844 1110 1911 leticia
1171 1868 1212 1911 o
1259 1844 1565 1925 tulerunt,
1631 1845 1789 1911 mihi
1853 1845 1934 1912 de
1989 1857 2196 1912 vestra
2261 1845 2650 1933 benignitate
2708 1844 3077 1934 relinquitur

538 1932 802 2034 amplius
859 1955 1200 2020 presumen
1247 1956 1388 2013 um,
1445 1955 1521 1998 ex
1568 1934 1759 2000 vestri
1815 1934 2140 2019 regiminis
2189 1933 2443 2000 officina
2489 1932 2806 2021 quendam
2855 1932 3076 1999 sustuli

537 2020 809 2108 lap1dem
856 2043 933 2086 an
983 2019 1259 2102 ularem,
1318 2038 1600 2086 vestrum
1656 2018 1894 2086 scilicet
1948 2023 2383 2108 suppriorem,
2441 2022 2732 2109 quatinus
2787 2018 3075 2086 fratribus

538 2107 862 2175 mittendis
921 2107 1063 2173 iluc
1110 2109 1279 2173 iuxta
1339 2106 1549 2173 datam
1605 2107 1720 2173 sibi
1779 2107 2065 2174 intendat
2120 2110 2414 2194 gratiam,
2477 2131 2556 2175 ne
2603 2106 2860 2195 pusillus
2921 2131 3076 2194 grex

539 2196 947 2263 convenienti
994 2194 1153 2261 duce
1201 2206 1263 2261 et
1314 2247 1326 2260 .
1379 2248 1392 2260 .
1445 2248 1458 2261 .
1506 2195 1801 2282 populuS,
1849 2194 2000 2261 dum
2050 2217 2163 2282 per
2208 2207 2446 2262 turmas
2486 2194 2824 2281 egreditur,
2873 2207 3076 2261 careat

535 2294 928 2371 preceptore.
1002 2281 1433 2348 Dilectionem
1482 2283 1671 2369 igitur
1700 2294 1975 2349 vestram
2023 2305 2187 2369 rogo
2238 2301 2300 2350 et
2333 2283 2637 2350 exhortor
2682 2284 2748 2349 in
2783 2281 3075 2361 domin0,

538 2373 830 2459 quatinus
878 2371 1145 2436 caritatis
1194 2369 1427 2458 poculo
1475 2381 1835 2458 soporatuS,
1882 2393 2004 2457 que
2051 2369 2399 2437 secundum
2449 2370 2810 2458 apostolum
2861 2371 3076 2435 omnia

540 2457 756 2539 credit,
789 2475 1016 2546 sperat,
1048 2459 1315 2524 sustinet
1340 2458 1593 2545 paciens
1616 2469 1677 2524 et
1700 2457 1975 2544 benigna
2000 2481 2189 2545 super
2219 2457 2540 2525 ablacione
2567 2469 2743 2524 coste
2769 2457 3076 2544 spiritaIiS,

538 2569 661 2634 que
718 2544 797 2611 de
854 2544 1045 2611 latere
1102 2556 1314 2611 vestro
1372 2546 1639 2631 rapitur,
1708 2543 2002 2611 dolorem
2065 2547 2391 2627 nesciatiS,
2458 2569 2650 2633 quem
2707 2544 3075 2633 plerumque

539 2633 848 2721 separatio
907 2634 1194 2700 continui
1249 2644 1543 2721 operatur
1593 2687 1606 2700 .
1659 2687 1672 2699 .
1726 2687 1738 2699 .
1792 2634 2095 2700 Ceterum
2154 2635 2404 2702 noverit
2463 2633 2813 2700 affectionis
2868 2650 3077 2700 vestre

539 2724 881 2802 sinceritaS,
929 2719 1104 2809 quod
1149 2722 1316 2787 iuxta
1365 2720 1631 2787 modum
1680 2746 1900 2788 meum
1947 2722 2154 2789 valere
2201 2746 2307 2787 me
2355 2721 2566 2788 iudico
2616 2732 3074 2807 competenter.

539 2810 615 2876 Et
661 2811 711 2874 si
750 2811 814 2875 in
862 2808 980 2874 hiis
1027 2807 1361 2897 aliquando
1396 2810 1688 2875 invenior
1733 2810 1945 2875 minus
1992 2808 2249 2890 habens»,
2297 2833 2407 2897 pre
2438 2808 2671 2897 gaudio
2721 2830 2899 2894 spem
2940 2830 3072 2872 non

538 2895 854 2984 append0,
887 2919 1165 2984 speranS,
1199 2894 1373 2983 quod
1404 2919 1539 2961 non
1572 2898 1652 2962 sit
1682 2898 1885 2961 inanis
1917 2898 1982 2962 in
2017 2896 2286 2963 domino
2320 2896 2493 2963 labor
2524 2913 2762 2962 noster.
2813 2895 3076 2960 Utinam

541 3003 602 3051 et
647 3008 766 3051 vos
812 2982 1066 3050 valeatis
1115 3001 1176 3050 et
1222 2985 1442 3050 vivatis
1489 3006 1602 3070 per
1644 2995 1936 3070 tempora
1984 2983 2293 3071 longiora.
2388 2984 2628 3050 Valete.

1760 3315 1855 3382 67.

757 3456 893 3521 Der
939 3455 1294 3542 Provinzial
1341 3456 1528 3521 tadelt
1575 3458 1765 3521 einem
1813 3456 1992 3521 Prior
2032 3455 2372 3543 gegemiber
2424 3457 2518 3521 die
2563 3455 2920 3529 Aufnahme
2962 3478 3078 3520 von

542 3543 929 3630 mangelhaft
978 3544 1454 3609 Unterrichteten
1501 3544 1629 3608 und
1667 3544 1831 3630 giebt
1860 3545 1983 3631 fiir
2029 3544 2141 3608 den
2178 3542 2337 3609 Sohn
2384 3543 2484 3608 des
2525 3544 2613 3607 W
2608 3542 2936 3608 ohlthliters
2980 3542 3080 3606 des

544 3631 812 3696 Klosters
859 3632 1137 3717 Dispens.
1233 3628 1386 3716 (Um
1440 3631 1656 3720 1275.)

756 3751 1163 3818 Provincialis
1186 3753 1401 3839 priori.
1450 3752 1849 3833 Quibusdam
1883 3752 2293 3819 referentibus
2327 3751 2623 3833 intellexi,
2700 3751 2830 3818 uod
2860 3750 3079 3818 fratres

545 3841 736 3906 vestri
795 3857 1146 3905 conventus
1205 3851 1350 3906 sunt
1407 3839 1482 3906 ad
1539 3842 1977 3927 receptionem
2039 3863 2455 3928 personarum
2524 3841 2629 3905 inu
2661 3841 2836 3905 iium
2892 3840 3077 3904 nimis

546 3928 752 4014 proni,
800 3950 934 3992 non
982 3925 1378 3994 attendentes
1426 3926 1745 3995 defectum
1793 3930 2074 4010 scientie,
2124 3929 2220 3994 cui
2267 3938 2590 4015 tamquam
2636 3927 2789 3993 turri
2835 3925 3080 3993 fortitu-

548 4013 710 4081 dinis
758 4016 973 4081 nititur
1023 4013 1185 4081 ordo
1233 4027 1471 4096 noster,
1518 4039 1637 4082 nec
1683 4033 2021 4103 pensantes
2055 4035 2175 4081 etc.
2245 4014 2449 4081 Vobis
2497 4016 2687 4100 igitur
2718 4014 3078 4094 committO,

547 4114 854 4190 quatenus
911 4102 1151 4169 eisdem
1207 4103 1273 4168 in
1328 4101 1692 4168 huiusmodi
1741 4126 2002 4169 excessu
2049 4103 2408 4169 consentire
2469 4103 2733 4167 minime
2782 4099 3079 4180 debeatis,

548 4192 699 4277 quin
733 4192 944 4271 etiam,
977 4192 1048 4272 si,
1082 4201 1416 4278 postquam
1452 4189 1720 4256 domum
1752 4189 2100 4277 predictam
2131 4191 2397 4271 visitavi,
2437 4188 2679 4277 aliquos
2713 4186 3080 4255 deficientes

548 4279 806 4345 scientia
852 4289 1247 4365 receperunt,
1294 4301 1411 4344 vos
1443 4279 1688 4344 tociens
1721 4277 2007 4344 triduana
2050 4279 2282 4344 ieiunia
2321 4278 2386 4342 in
2433 4300 2595 4364 pane
2630 4287 2691 4342 et
2736 4299 2894 4363 aqua
2928 4298 3081 4341 con-

549 4366 972 4432 sencientibus
1031 4366 1402 4451 imponatiS,
1467 4384 1624 4453 quot
1686 4367 1937 4452 propria
2003 4366 2277 4432 convicti
2335 4364 2723 4430 conscientia
2778 4362 3079 4429 inhabiles

548 4461 977 4540 receperunt.¹
1072 4453 1374 4519 Ceterum
1423 4476 1566 4518 curn
1619 4506 1632 4518 .
1685 4506 1698 4518 .
1749 4454 2038 4534 novici0,
2103 4455 2276 4519 cuius
2324 4463 2499 4538 pater
2543 4450 2830 4517 fratribus
2889 4451 3081 4516 astitit

549 4539 869 4606 beneficiis
919 4541 1272 4627 oportuniS,
1320 4539 1574 4628 quando
1607 4538 1991 4625 fragantibus
2038 4540 2242 4606 adhuc
2275 4538 2670 4605 desolatoriis
2705 4537 3080 4604 carbonibus

550 4629 615 4692 in
662 4630 914 4694 camino
974 4639 1150 4693 erant
1192 4628 1383 4713 positi
1438 4629 1846 4715 paupertatis,
1906 4647 2212 4716 quatenus
2259 4625 2658 4714 profiteatur,
2720 4624 3080 4712 dispensare
