3505 5335
573 356 692 402 102
1739 352 1930 406 Briefe.
2859 355 2902 424 J.
2949 356 3097 423 1276.

1784 509 1881 582 78.

775 633 1133 720 Provinzial
1172 630 1451 722 (Ulrich)
1491 633 1621 698 teilt
1667 632 1800 698 dem
1833 632 2052 699 Lektor
2082 633 2437 700 Alexander
2485 631 2576 721 (in
2609 634 2957 724 Konstanz)
3006 636 3099 700 die

569 722 822 789 Gritnde
867 723 995 802 mit,
1042 743 1283 786 warum
1334 745 1397 787 er
1443 721 1682 787 dorthin
1729 721 1841 787 das
1888 721 2133 809 Kapitel
2175 722 2431 809 verlege.
2528 718 2780 811 (1276.)

774 825 1181 893 Provincialis
1227 825 1397 892 fratri
1438 825 1875 914 Alex(andro)
1923 826 2145 892 lectori
2191 825 2423 893 ibidem
2472 825 2551 894 de
2600 825 2853 892 eodem.
2930 827 3096 893 Curn

563 918 724 982 inter
755 917 984 982 ascitos
1019 913 1207 981 docte
1238 912 1580 1001 prudencie
1605 916 1776 980 viros
1802 913 1881 980 de
1911 914 2059 980 loco
2093 912 2505 981 transferendi
2533 913 2781 1001 capituli
2812 927 3098 1001 ageretur

565 1017 626 1070 et
673 1005 737 1069 in
799 1003 955 1084 hoc,
1011 1001 1219 1090 quod,
1284 1001 1576 1068 videlicet
1632 1013 1823 1068 staret
1879 1003 1941 1067 in
1993 1003 2399 1083 Constantia,
2464 1013 2711 1089 patrum
2776 1005 3098 1069 sentencie

564 1090 1057 1172 concordarent,
1118 1102 1395 1156 vestram
1441 1088 1701 1156 verebar
1760 1088 1984 1156 faciem
2032 1102 2353 1177 tamquam
2403 1091 2696 1155 cominus
2743 1092 3097 1177 apparentis

562 1182 816 1261 timens,
865 1202 944 1246 ne
993 1180 1056 1243 in
1089 1190 1333 1266 sperata
1379 1180 1657 1244 mutacio
1706 1189 1768 1244 et
1815 1201 2000 1265 super
2051 1178 2377 1245 ordinacio
2425 1179 2767 1264 improvisa
2814 1189 3094 1244 mentem

564 1279 858 1348 vestram,
902 1290 1088 1354 quam
1123 1289 1413 1333 serenam
1451 1289 1697 1333 servare
1730 1265 1961 1346 studui,
1994 1265 2270 1354 aliqualis
2305 1265 2597 1332 molestie
2630 1265 2855 1332 nebula
2887 1289 3100 1353 super-

563 1355 782 1421 volans
815 1353 1221 1421 obumbraret
1269 1407 1283 1419 .
1336 1407 1349 1419 .
1403 1407 1415 1419 .
1466 1355 1710 1420 Verum
1744 1372 1811 1420 ut
1856 1356 2020 1420 inter
2069 1365 2273 1420 cetera
2306 1352 2486 1419 vobis
2534 1355 2914 1420 intencionis
2957 1377 3097 1421 mee

563 1445 775 1529 portio
822 1444 1211 1524 innotescat,
1259 1441 1421 1508 hanc
1469 1465 1662 1507 unam
1710 1441 1790 1508 de
1838 1443 2037 1508 causis
2085 1443 2422 1522 noveritiS,
2471 1440 2553 1507 ob
2602 1464 2753 1528 quas
2801 1441 2915 1507 hac
2964 1444 3098 1507 vice

564 1532 959 1619 superiorem
1004 1531 1387 1617 provintiam
1434 1529 1650 1596 locum
1683 1528 1830 1596 dare
1881 1528 2151 1616 capitulo
2201 1553 2241 1595 o
2290 1528 2553 1596 ortebat.
2638 1532 2803 1597 Nam
2838 1530 2887 1594 si
2921 1529 3100 1595 abso-

564 1619 882 1685 lucionem
933 1642 1165 1699 meam,
1214 1641 1403 1705 quam
1437 1617 1781 1684 affectuose
1827 1617 2106 1704 postu10,
2156 1553 2490 1684 effipcaciter
2523 1619 2611 1683 im
2659 1616 2898 1697 etrab0,
2946 1619 3096 1684 item

564 1708 614 1772 si
646 1708 961 1794 provintia
1005 1705 1190 1773 fuerit
1222 1728 1333 1793 per
1366 1717 1564 1772 certas
1596 1706 1976 1772 vicariorum
2012 1704 2327 1772 custodias
2403 1707 2599 1772 artien
2648 1729 2702 1785 a,
2749 1706 3098 1771 examinate

564 1794 961 1861 discretionis
986 1806 1191 1861 vestre
1219 1805 1281 1860 et
1305 1793 1572 1860 aliorum
1600 1793 1935 1861 consilium
1961 1793 2285 1860 habebitur
2311 1728 2661 1859 admodum
2687 1805 3097 1880 oportunum.

565 1883 697 1964 Qui
746 1907 891 1949 cum
948 1906 1084 1948 non
1142 1882 1412 1969 possetis
1468 1883 1532 1947 in
1580 1900 1788 1969 partes
1849 1900 2129 1948 remotas
2177 1883 2309 1946 sive
2368 1880 2775 1948 transalbinas
2838 1892 2898 1947 et
2954 1905 3098 1947 cum

562 1973 737 2056 gravi
797 1969 1083 2036 laborum
1147 1968 1479 2057 dispendio
1536 1993 1653 2035 vos
1711 1968 2032 2050 conferre,
2094 1982 2418 2056 tamquam
2489 1968 2791 2035 subducta
2847 1967 3100 2034 lucerna

565 2057 1139 2235 cmlgssiifanioris
1201 2057 1275 2124 ad
1335 2069 1589 2123 montes
1651 2057 2072 2143 caliginosos¹
2133 2058 2561 2143 impingerent
2617 2055 2810 2144 pedes
2876 2058 3098 2122 nostri.

563 2148 658 2212 Va
724 2158 824 2213 ete
869 2199 882 2212 .

781 2331 797 2359 ¹
837 2323 1157 2393 caliginosas
1202 2322 1304 2375 HS.

777 2481 889 2534 Fol.
934 2494 1047 2545 124.
1122 2481 1223 2533 Die
1261 2479 1582 2532 Absolution
1623 2477 1863 2548 erlangte
1901 2476 2084 2531 Ulrich
2123 2478 2193 2529 im
2235 2477 2523 2547 folgenden
2562 2478 2737 2547 Jahre.
2803 2478 3102 2530 Alexander

568 2571 773 2623 scheint
812 2570 864 2621 in
903 2568 996 2622 der
1032 2568 1251 2621 Familie
1294 2569 1388 2620 des
1427 2567 1635 2636 Konigs
1674 2564 1877 2619 Rudolf
1908 2566 2030 2617 sehr
2068 2565 2377 2633 angesehen
2426 2582 2684 2635 gewesen
2722 2583 2783 2617 zu
2823 2566 2951 2618 sein.
3030 2567 3100 2618 Zu

573 2656 704 2727 1276
742 2658 1000 2711 berichtet
1048 2656 1139 2710 das
1181 2656 1381 2710 Chron.
1424 2654 1659 2709 Colmar.
1712 2655 1763 2707 in
1802 2653 1928 2709 MG.
1968 2653 2057 2708 SS.
2096 2653 2266 2720 XVII,
2309 2667 2432 2719 244:
2475 2653 2669 2707 Lector
2706 2654 3098 2707 predicatorum

569 2746 994 2798 Constantiensis
1043 2744 1345 2797 Alexander
1391 2745 1607 2797 nomine
1666 2743 1896 2796 eundem
1945 2741 2188 2808 <Rudolfs
2235 2742 2382 2795 Sohn
2430 2742 2583 2811 Karl)
2630 2742 2695 2795 de
2752 2759 2903 2795 sacro
2954 2742 3102 2795 fonte

568 2834 778 2887 levavit.

1783 2988 1876 3055 79.

706 3204 716 3215 ι
743 3113 1100 3199 Provinzial
1133 3110 1412 3265 (Ulricss)
1446 3113 1635 3214 taflelf
1682 3113 1779 3177 die
1811 3111 2189 3213 Konstanzer
2221 3110 2666 3176 Dominikaner
2697 3135 2904 3198 wegen
2941 3111 3104 3176 ihrer

579 3202 665 3266 W
662 3209 969 3288 elgerzing,
1016 3202 1126 3266 das
1159 3224 1305 3266 neue
1391 3199 1920 3287 rovmzzalkapztel
1948 3223 2027 3285 zu
2059 3198 2457 3264 ilbernehmen
2490 3197 2618 3264 und
2662 3198 2912 3278 erkllirt,
2961 3198 3103 3287 dass

568 3288 1209 3408 dasselbeiunbedingt
1256 3288 1350 3353 bei
1393 3289 1571 3353 ihnen
1615 3287 1966 3375 stattfinden
2012 3295 2223 3352 milsse.
2318 3284 2571 3375 (1276.)

779 3482 890 3536 1³01.
944 3498 1059 3550 125.
1134 3481 1295 3535 Gedr.
1345 3482 1542 3534 Ztschr.
1592 3481 1624 3535 f.
1674 3482 1873 3535 Gesch.
1911 3482 1955 3533 ,d
2017 3480 2345 3533 Oberrheins
2398 3480 2464 3532 N.
2513 3478 2567 3532 F.
2619 3480 2692 3545 V,
2748 3478 2843 3547 536
2892 3479 2925 3531 f.
3001 3479 3101 3530 Die

569 3570 849 3624 Litteratur
886 3570 1015 3623 fiber
1043 3569 1134 3622 das
1162 3569 1495 3622 Konstanzer
1519 3567 2104 3621 Dominikanerkloster
2129 3567 2290 3620 findet
2318 3567 2430 3621 sich
2469 3576 2755 3620 neuestens
2785 3564 3104 3634 vollstandig

570 3657 889 3726 gesammelt
927 3658 979 3710 in
1017 3657 1204 3722 Krau3‚
1245 3657 1328 3709 die
1366 3655 1850 3708 Kunstdenkmaler
1887 3655 1980 3708 des
2019 3655 2323 3709 Grossherz.
2364 3655 2542 3707 Baden
2580 3655 2618 3719 Ι,
2661 3667 2763 3718 244
2800 3652 2853 3706 ff.

1782 3812 1865 3880 80

782 3917 1010 4007 (Kbnig
1068 3919 1306 4007 Rudolf
1361 3943 1477 3986 von
1533 3918 1896 4008 Habsburg)
1962 3918 2259 4006 empfiehlt
2321 3918 2446 3983 sich
2506 3918 2613 3983 der
2670 3916 2943 3982 Fitrbitte
2998 3917 3104 3982 der

570 4005 1015 4074 Dominikaner
1082 4008 1211 4073 und
1277 4008 1397 4094 legt
1457 4007 1635 4072 ihnen
1704 4007 1800 4072 die
1869 4005 2678 4092 Kreuzzugsangelegenheit
2741 4027 2853 4070 ans
2913 4005 3101 4089 Herz.

573 4093 775 4183 (1276
780 4094 825 4184 ·)

781 4200 960 4268 Olim
1017 4223 1203 4288 super
1249 4212 1542 4267 montem
1589 4200 1767 4288 Syon
1815 4221 1997 4284 reges
2045 4199 2371 4266 constituti
2427 4197 2676 4285 populis
2724 4198 3101 4284 inperanteS‚

567 4288 848 4355 tribubus
904 4287 1336 4370 dominanteS,
1401 4306 1705 4354 terrarum
1774 4288 2085 4353 terminos
2141 4285 2570 4373 possidenteS,
2636 4308 2717 4351 ne
2776 4286 2877 4351 vie
2943 4285 3103 4350 iuste

571 4376 952 4464 compendia
997 4377 1371 4464 preterirent
1417 4394 1480 4442 et
1526 4399 1608 4441 ne
1640 4373 1895 4463 quando
1937 4376 2306 4441 irasceretur
2342 4372 2662 4453 dominus,
2711 4373 2886 4439 cuius
2917 4383 3105 4438 nutus

570 4467 854 4552 ipsorum
888 4464 1080 4531 corda
1110 4466 1271 4531 sicut
1302 4463 1646 4530 divisiones
1680 4485 1980 4551 aquarum
2015 4461 2092 4528 ad
2124 4485 2372 4551 quecun
2419 4486 2498 4527 ue
2529 4460 2730 4528 voluit
2760 4459 3103 4540 inclinavit,

571 4554 731 4619 hanc
796 4565 1056 4641 utraque
1123 4576 1315 4619 manu
1376 4570 1749 4618 curaverunt
1826 4548 2300 4638 apprehendere
2364 4485 2790 4636 {sciplinam,
2859 4559 2927 4614 ut
2992 4545 3105 4612 sibi

570 4642 918 4708 niterentur
964 4641 1273 4708 attrahere
1320 4639 1678 4705 familiarius
1724 4637 1948 4704 affectu
1997 4639 2272 4725 puriore,
2320 4639 2560 4703 sociare
2607 4635 2851 4703 fidelius
2895 4634 3104 4701 studio
