3505 5335
411 349 454 418 J.
500 351 646 419 1289.
1576 342 1766 396 Briefe.
2821 345 2936 411 127

414 506 833 594 proferuntur.
927 502 1299 572 Redduntur
1360 526 1504 568 cum
1564 503 2029 588 supererogatis
2092 499 2325 581 debita,
2393 524 2531 567 sors
2593 502 2822 588 pariter
2880 515 2941 567 et

414 617 618 660 usure.
713 593 778 659 O
827 603 1132 680 quantum
1194 590 1318 656 hoc
1375 590 1585 657 multis
1642 590 1881 656 invexit
1926 586 2259 676 gaudium!
2353 589 2519 654 Nam
2570 589 2781 669 emuli,
2837 590 2942 677 qui

415 684 612 770 capita
666 704 777 747 sua
831 698 1192 759 moverant,
1253 676 1566 746 dicentes:
1632 678 1991 757 Exinanite‚
2056 677 2401 742 exinanite!
2465 675 2539 742 ab
2597 675 2704 742 illo
2759 688 2942 743 motu

414 770 732 858 paralitico
790 787 934 834 sunt
992 768 1205 847 curati,
1263 778 1326 833 et
1382 768 1488 854 qui
1547 766 1776 833 strictis
1831 764 2004 830 labiis
2060 763 2486 844 sibilaverant,
2543 787 2704 831 voce
2761 763 2944 850 plena

415 855 889 946 providenciam
938 856 1060 922 Dei
1107 854 1396 921 clamant.
1488 854 1560 919 In
1622 855 1745 920 hoc
1793 876 2090 919 succursu
2147 855 2389 939 priores
2438 865 2500 919 et
2554 851 2823 919 lectores
2883 864 2943 919 et

415 945 634 1012 fratres
665 943 1012 1010 Basilenses
1046 955 1108 1010 et
1140 942 1604 1028 Vriburgenses
1652 940 2065 1029 primipilares
2099 953 2161 1008 et
2206 942 2543 1027 primicerii
2584 941 2941 1020 extiterunt,

418 1056 720 1121 pauperes
745 1031 1116 1119 pauperibus
1148 1033 1513 1112 servienteS,
1549 1053 1709 1117 opus
1741 1028 2175 1095 misericordie
2201 1030 2448 1095 miseris
2479 1026 2941 1115 impendentes,

417 1119 699 1188 Laudent
748 1143 859 1186 eos
907 1122 971 1185 in
1019 1121 1216 1206 portis
1264 1120 1549 1206 ipsorum
1596 1116 1925 1205 stipendia,
1990 1118 2096 1204 qui
2150 1115 2387 1270 palmas
2434 1116 2512 1183 ad
2569 1119 2792 1203 inopes
2842 1139 2945 1182 ex-

418 1207 774 1291 tenderunt,
822 1210 928 1296 qui
975 1209 1221 1295 pietatis
1258 1205 1538 1292 exempla
1587 1229 1697 1292 per
1740 1205 1999 1287 hostiaS,
2049 1207 2153 1293 qui
2197 1229 2270 1271 us
2316 1224 2716 1292 promeretur
2748 1206 2944 1285 DeuS,

420 1299 685 1384 posteris
742 1296 1145 1384 reliquerunt.
1238 1296 1495 1361 Factum
1557 1306 1650 1360 est
1709 1295 1865 1373 hoc,
1929 1292 2006 1359 ad
2062 1293 2176 1359 alia
2229 1292 2625 1380 procedatur.
2719 1292 2945 1359 Adhuc

420 1385 658 1451 calamo
719 1384 919 1451 scribe
966 1384 1269 1450 velociter
1330 1381 1746 1449 discurrente!
1841 1383 2053 1447 Frater
2100 1380 2481 1448 Wilhelmus
2539 1379 2616 1447 de
2664 1381 2944 1447 Treviris

417 1473 784 1561 ingreditur,
849 1485 912 1538 et
967 1473 1109 1559 quia
1163 1470 1334 1535 solus
1398 1472 1571 1558 quasi
1631 1469 1997 1556 apparebat,
2057 1468 2209 1535 boni
2268 1470 2483 1536 nuncii
2540 1492 2736 1535 omen
2796 1481 2945 1536 erat.

418 1562 654 1629 Retulit
709 1561 878 1626 enim
930 1559 1009 1623 de
1055 1581 1349 1623 successu
1397 1581 1580 1624 cause
1628 1559 1693 1623 in
1745 1558 2099 1624 Wormatia
2148 1569 2389 1644 optat0,
2437 1559 2597 1624 sicut
2641 1559 2763 1624 litis
2810 1555 2946 1622 fieri

419 1661 665 1735 poterat
723 1649 891 1712 iuxta
939 1668 1211 1711 cursum.
1306 1645 1549 1712 Contra
1604 1644 1880 1711 libellum
1932 1656 1992 1712 et
2049 1647 2422 1732 rescriptum
2472 1658 2805 1732 exceptum
2853 1657 2948 1711 est

421 1734 644 1802 additis
703 1733 1068 1813 rationibuS,
1131 1732 1352 1820 quibus
1412 1745 1667 1819 oportet
1721 1756 1839 1799 suo
1898 1745 2189 1820 tempore
2249 1731 2639 1819 responderi.
2745 1734 2945 1798 Porro

420 1825 726 1910 premisse
772 1822 1048 1888 rationes
1097 1819 1293 1887 multe
1340 1834 1486 1887 sunt
1534 1840 1596 1888 et
1642 1820 1920 1888 mediam
1954 1834 2166 1888 cutem
2214 1833 2545 1908 occupant,
2592 1819 2762 1887 unde
2807 1844 2939 1886 non

422 1913 600 1998 potui
646 1909 936 1990 scribere,
985 1929 1078 1975 set
1127 1933 1271 1974 cum
1305 1909 1449 1974 Deo
1498 1907 1685 1976 dante
1718 1933 1978 1991 venem,
2027 1933 2282 1976 mecum
2324 1908 2541 1975 feram.
2622 1908 2947 1976 Ordinatis

422 2011 633 2066 autem
696 2009 916 2065 contra
979 2021 1091 2063 eos
1155 1996 1663 2084 replicationibus
1718 1997 1895 2084 pellis
1960 1999 2118 2064 sicut
2181 1996 2382 2063 celum
2437 1996 2826 2078 extendetur,
2889 2009 2951 2063 et

422 2089 588 2154 iuxta
633 2086 790 2174 legis
836 2084 1140 2152 talionem
1190 2084 1430 2151 dabitur
1480 2083 1634 2151 dens
1680 2109 1798 2172 pro
1848 2085 2057 2152 dente.
2147 2084 2337 2152 Unde
2384 2087 2690 2172 magistro
2738 2085 2949 2172 legere

420 2175 521 2241 vel
568 2174 776 2242 dicere
837 2175 1122 2261 poteritis
1179 2196 1362 2239 causa
1409 2173 1644 2254 solacii,
1705 2196 1828 2260 que
1875 2172 1988 2240 sub
2048 2173 2163 2239 hac
2220 2173 2426 2240 forma
2471 2173 2749 2240 videritis
2798 2196 2950 2239 con-

420 2265 625 2330 tineri.
718 2263 909 2329 Mitto
967 2263 1271 2327 nuncium
1319 2261 1396 2327 ad
1444 2263 1680 2327 curiam
1728 2261 2078 2327 secundum
2128 2261 2462 2328 consilium
2508 2261 2791 2342 fratrum,
2851 2263 2948 2327 cui

423 2364 674 2438 tempus
709 2362 998 2416 occurret
1045 2350 1109 2415 in
1157 2349 1502 2430 montibuS,
1551 2351 1614 2414 in
1664 2373 1814 2437 qu0,
1862 2351 2022 2416 sicut
2067 2350 2269 2416 homo
2318 2349 2394 2415 ad
2441 2348 2721 2415 laborem
2769 2367 2951 2414 natus

424 2452 538 2520 est,
599 2441 683 2505 ita
729 2438 915 2504 vellet
963 2461 1099 2503 esse
1147 2440 1274 2503 avis
1331 2437 1408 2503 ad
1454 2436 1818 2504 volandum.
1911 2439 2078 2504 Nam
2126 2437 2289 2524 apud
2346 2461 2467 2503 nos
2515 2437 2753 2503 diucius
2816 2460 2950 2503 non

424 2529 644 2614 sparsit
691 2528 852 2592 sicut
897 2527 1176 2592 cinerem
1225 2524 1518 2591 nebulam
1570 2537 1631 2592 et
1691 2527 1907 2592 nivem
1954 2549 2086 2608 non
2134 2526 2347 2592 tribuit
2395 2526 2555 2592 sicut
2601 2525 2807 2591 lanam
2855 2544 2950 2591 set

424 2635 570 2682 sunt
616 2616 792 2770 nbves
839 2615 999 2681 sicut
1044 2612 1370 2701 sepulchra
1420 2613 1687 2701 desuper
1734 2612 2189 2681 ambulantibus
2239 2613 2517 2682 dealbata
2554 2667 2566 2680 .
2605 2667 2618 2681 .
2656 2669 2669 2681 .
2713 2614 2948 2681 Datum

424 2706 489 2769 in
536 2705 648 2769 Vri
694 2726 830 2790 urg.

638 2887 655 2916 1
692 2879 888 2932 reditus
928 2888 979 2932 et
1019 2878 1307 2931 ausradiert
1332 2878 1434 2932 HS.
1569 2885 1590 2914 ²
1627 2879 1865 2948 agendus
1903 2880 2004 2933 HS.
2142 2887 2162 2915 ³
2198 2878 2410 2950 aliquod
2436 2879 2537 2932 HS.
2604 2878 2759 2949 Folgt
2799 2879 2950 2931 siber-

426 2949 615 3019 flfissig
651 2966 776 3002 non.
922 2957 944 2985 ⁴
983 2965 1326 3002 excussorum
1366 2949 1468 3003 HS.
1616 2955 1637 2985 ⁵
1673 2949 1745 3002 So
1785 2949 1886 3003 HS.

636 3123 747 3177 Fol.
794 3124 958 3192 156V.
1022 3124 1133 3176 Der
1160 3123 1590 3194 Ordensgeneral
1618 3123 1803 3176 Munio
1841 3125 1961 3177 kam
1988 3143 2074 3177 am
2103 3127 2183 3179 28.
2212 3126 2360 3195 April
2393 3126 2525 3197 1289
2550 3126 2686 3178 nach
2714 3124 2950 3177 Kolmar.

428 3210 551 3280 Vgl.
589 3211 714 3264 MG.
754 3211 842 3265 SS.
883 3212 1053 3277 XVII,
1094 3227 1212 3277 215.
1288 3212 1388 3263 Die
1426 3211 1621 3265 letzten
1659 3212 1813 3264 Satze
1853 3212 2048 3265 deuten
2085 3230 2167 3279 an,
2208 3213 2319 3266 dass
2360 3230 2416 3266 es
2455 3214 2598 3266 noch
2623 3213 2833 3266 Winter
2870 3214 2952 3265 ist.

428 3299 511 3351 Da
535 3317 642 3352 nun
668 3300 741 3351 im
769 3293 1126 3369 allgemeinen
1156 3300 1275 3352 eine
1303 3299 1754 3369 chronologische
1784 3298 2048 3370 Ordnung
2071 3301 2124 3353 in
2151 3301 2354 3353 diesem
2383 3301 2535 3353 Teile
2561 3301 2815 3366 herrscht,
2848 3300 2955 3353 und

428 3387 511 3439 die
551 3386 803 3457 folgende
841 3387 934 3441 Nr.
972 3389 1070 3440 mit
1095 3387 1325 3440 Februar
1362 3387 1548 3440 datiert
1586 3389 1668 3453 ist,
1711 3404 1773 3440 so
1811 3388 1944 3440 wird
1982 3389 2117 3441 auch
2155 3388 2499 3459 vorliegende
2537 3406 2627 3442 um
2666 3388 2810 3441 diese
2846 3389 2954 3441 Zeit

429 3475 742 3528 entstanden
781 3476 910 3529 sein.
973 3476 1132 3546 Papst
1170 3475 1425 3528 Nikolaus
1463 3476 1554 3529 IV.
1595 3477 1741 3529 hatte
1780 3476 1901 3529 dem
1934 3477 2183 3545 Bischofe
2221 3495 2328 3530 von
2360 3478 2578 3530 Worms
2617 3477 2701 3529 die
2739 3486 2953 3547 strenge

426 3563 843 3634 Durchfuhrung
891 3564 983 3616 der
1030 3566 1158 3617 uber
1209 3563 1508 3635 Strassburg
1555 3565 1887 3635 verbangten
1935 3565 2140 3619 Strafen
2193 3567 2539 3637 ubertragen3
2592 3565 2699 3636 vgl.
2739 3565 2952 3618 Strassb.

427 3653 537 3705 UB.
575 3652 641 3718 11,
685 3667 799 3720 150.
875 3653 974 3705 Die
1015 3652 1415 3705 Prozessschrift
1454 3653 1547 3705 der
1584 3653 1969 3707 Dominikaner
2006 3655 2236 3708 daselbst
2274 3654 2586 3723 (undatiert)
2631 3654 2724 3707 Nr.
2769 3669 2883 3721 155.

1624 3844 1750 3914 107.

643 3987 998 4073 Provinzial
1046 3985 1430 4077 (Hermann)
1474 3988 1636 4075 giebt
1691 3989 1804 4054 den
1851 3989 2344 4056 nachbenannten
2391 3989 2645 4054 Prz‘oren
2703 3990 2954 4054 Verbal-

432 4075 985 4226 tzcngspzflzzssregeln
1032 4074 1344 4161 hezicglich
1401 4076 1507 4141 der
1553 4075 2176 4142 herumwandernden
2221 4075 2503 4163 Zofinger
2558 4077 2686 4141 und
2728 4078 2958 4141 Berner

432 4163 685 4228 Domzm
726 4184 893 4228 aner.
988 4159 1188 4251 (1289
1238 4163 1562 4253 Februar.)

643 4283 983 4351 Ordinatio
1015 4285 1415 4373 provincialis
1449 4284 1526 4353 de
1565 4284 1852 4352 fratribus
1885 4286 2390 4373 Zouingensibus
2423 4298 2485 4353 et
2516 4285 2955 4352 Beruensibus.

432 4372 750 4440 Prioribus
806 4373 1159 4454 Basiliensi,
1219 4374 1717 4455 Constantiensi,
1775 4374 2177 4456 Thuricensi,
2238 4373 2635 4455 Rotwilensi,
2696 4372 2959 4441 Colum-

433 4461 699 4527 bariensi
749 4485 1004 4528 necnon
1051 4462 1293 4527 vicariis
1340 4461 1599 4529 fratrum
1648 4464 2214 4548 Argentinensium
2260 4464 2323 4527 in
2359 4461 2610 4529 Sletstat
2658 4474 2718 4527 et
2750 4462 2959 4548 Hage-

430 4551 645 4616 nowie
691 4549 791 4617 vel
839 4573 1062 4616 eorum
1110 4551 1278 4616 vices
1326 4551 1688 4637 gerentibus
1734 4550 2152 4637 provincialis,
2233 4551 2504 4618 Assidua
2550 4549 2798 4637 querela
2854 4574 2958 4616 me

432 4639 910 4725 circumstrepit,
965 4638 1138 4725 quod
1185 4637 1402 4705 fratres
1451 4639 1886 4725 Zouingenses
1936 4658 1996 4705 et
2044 4640 2393 4706 Beruenses
2443 4637 2679 4704 ordinis
2728 4640 2957 4704 vexati-
