3505 5335
404 366 448 441 J.
494 382 511 416 1
526 381 554 417 2
566 381 585 432 5
598 374 642 433 7.
1577 363 1768 418 Briefe.
2858 364 2888 430 5
2903 366 2933 432 3

408 535 469 589 et
557 520 935 589 redictarum
985 544 1279 587 sororum
1329 521 1508 588 saluti
1547 519 1779 588 videris
1828 521 2151 609 expedire,
2212 544 2348 587 non
2395 520 2786 588 obstantibus
2834 521 2938 586 ali-

407 612 511 698 qui
556 633 629 677 us
676 609 1094 696 indulgenciis
1143 663 1158 677 .
1210 662 1224 675 .
1276 661 1290 674 .
1348 610 1584 676 Datum
1626 610 1917 676 Laterani
1963 610 2104 675 XII.
2153 608 2448 676 kalendas
2495 610 2731 690 marcii,
2780 632 2938 696 pon-

405 697 674 765 tificatus
723 698 926 764 nostri
973 720 1143 762 anno
1191 697 1303 762 XI.

616 786 759 852 Nos
806 786 998 871 igitur
1042 783 1460 865 attendente3‚
1508 784 1681 872 quod
1712 784 1843 851 illas
1891 784 2124 851 domos
2158 807 2476 866 sororum,
2525 808 2645 873 que
2685 796 2939 870 recepte

407 884 553 939 sunt
599 874 931 940 autoritate
979 872 1232 959 alicujus
1295 874 1579 958 magistri
1624 871 1726 939 vel
1772 873 2021 959 capituli
2080 871 2390 959 generalis
2437 885 2581 940 ante
2640 873 2941 938 commis-

407 963 657 1026 sionem
689 985 801 1027 seu
849 959 1217 1028 mandatum
1251 960 1671 1048 apostolicum
1719 983 1907 1048 super
1938 961 2063 1027 hoc
2100 979 2447 1047 receptum,
2496 984 2530 1025 a
2563 983 2705 1026 cura
2739 961 2941 1025 nostri

409 1047 647 1114 ordinis
717 1060 930 1115 tamen
996 1048 1165 1114 bona
1229 1050 1628 1115 consciencia
1690 1047 1992 1135 repellere
2053 1071 2188 1113 non
2252 1049 2545 1135 possiti3‚
2611 1048 2942 1114 autoritate

409 1138 881 1202 commissionis
948 1160 1058 1202 seu
1126 1135 1403 1202 mandati
1474 1135 1736 1223 predicti
1803 1135 2173 1202 ordinamus
2239 1147 2302 1202 et
2368 1135 2698 1216 volumUS,
2767 1133 2941 1223 quod

408 1223 771 1303 huiusmodi
818 1223 1048 1291 domus
1096 1223 1373 1311 predicte
1420 1247 1676 1290 necnon
1725 1243 1788 1290 et
1835 1223 2066 1290 domus
2123 1247 2418 1290 sororum
2467 1222 2544 1290 de
2591 1223 2824 1289 Ymula
2880 1235 2942 1289 et

411 1311 671 1394 domm,
737 1336 927 1401 quam
988 1335 1098 1378 rex
1144 1312 1426 1398 Ungarie
1480 1311 1656 1394 fecit,
1717 1313 1843 1379 sint
1902 1311 2016 1378 sub
2064 1335 2210 1379 cura
2271 1310 2511 1377 ordinis
2571 1313 2804 1393 nostri3
2865 1309 2942 1377 ad

411 1423 624 1466 curam
671 1399 950 1481 aliarum,
1000 1401 1050 1466 si
1098 1423 1220 1488 que
1268 1411 1434 1480 sunt,
1483 1400 1776 1467 nolentes
1823 1399 2212 1488 aliquatenus
2257 1423 2375 1467 vos
2421 1400 2644 1466 teneri.
2717 1398 2941 1465 Valete

410 1490 473 1552 in
507 1489 713 1574 gracia
747 1488 994 1555 domini
1027 1489 1230 1554 nostri
1260 1487 1453 1571 Jhesu
1480 1488 1733 1555 Christi.
1803 1486 2049 1576 F(eria)
2075 1489 2154 1554 V.
2189 1506 2333 1575 post
2367 1499 2656 1554 octavam
2688 1487 2940 1574 pasche.

623 1820 734 1874 Fol.
787 1836 865 1889 37.
940 1821 1152 1874 Vorher
1203 1821 1334 1890 geht
1384 1821 1467 1873 die
1513 1821 1661 1874 Bulle
1709 1822 1977 1873 Innocenz
2028 1821 2118 1874 IV.
2173 1839 2281 1874 von
2331 1835 2463 1889 1252
2515 1821 2828 1891 September
2877 1817 2942 1871 26

414 1908 680 1973 (Potthast
707 1908 799 1962 Nr.
832 1910 1044 1978 14720),
1083 1909 1255 1962 worin
1282 1908 1366 1961 die
1391 1909 1777 1961 Dominikaner
1802 1908 1894 1961 der
1920 1927 2042 1961 cura
2068 1909 2379 1962 monialium
2407 1909 2675 1961 enthoben
2703 1906 2942 1961 worden.

413 1996 533 2066 Vgl.
574 1996 752 2049 hierzu
798 1996 1009 2049 Denifle
1056 1997 1107 2049 in
1147 1996 1345 2049 Archiv
1393 1997 1474 2049 fur
1511 1995 1819 2059 Litteratur-
1871 1996 1978 2049 und
2014 1997 2563 2067 Kirchengeschichte
2614 1995 2707 2049 des
2745 1994 2942 2048 Mittel-

411 2084 566 2136 alters
604 2085 678 2150 ΙΙ,
727 2084 844 2149 642.
920 2085 1077 2137 Dann
1117 2083 1264 2137 Brief
1295 2085 1562 2137 Innocenz
1599 2085 1690 2138 IV.
1731 2102 1838 2138 von
1884 2101 2012 2153 1252
2052 2085 2154 2155 Juli
2208 2100 2266 2153 15
2321 2084 2533 2137 »Infusa
2580 2083 2942 2148 devocionis«,

410 2173 581 2225 worin
618 2173 780 2225 ihnen
819 2172 910 2225 das
949 2172 1181 2242 Privileg
1219 2172 1390 2225 erteilt
1428 2173 1576 2239 wird,
1617 2172 1727 2225 dass
1767 2174 1843 2226 sie
1881 2175 1934 2225 in
1973 2189 2040 2226 20
2075 2173 2272 2243 Jahren
2308 2173 2463 2226 keine
2500 2189 2674 2226 neuen
2713 2171 2943 2225 Frauen-

411 2260 607 2313 kloster
633 2261 787 2313 mehr
825 2261 1189 2313 ubernehmen
1214 2260 1402 2314 sollen.
1467 2260 1672 2330 Obiges
1700 2261 1989 2314 Schreiben
2015 2262 2080 2313 ist
2107 2260 2255 2314 wohl
2282 2262 2521 2330 gemeint
2558 2261 2610 2312 in
2640 2260 2743 2312 den
2768 2259 2948 2312 Akten

412 2348 504 2400 des
552 2348 884 2401 Florentiner
931 2348 1170 2417 Kapitels
1223 2351 1431 2418 (1257):
1482 2348 1713 2401 Litterae
1766 2349 1969 2401 domini
2005 2349 2249 2419 Hugonis
2301 2347 2575 2401 cardinalis
2626 2348 2821 2400 missae
2875 2346 2939 2400 ad

413 2435 636 2505 capitula
675 2436 944 2505 generalia
981 2437 1050 2504 (J)
1090 2437 1142 2488 in
1182 2436 1420 2507 capitulis
1470 2437 1876 2507 provincialibus
1915 2437 2158 2506 legantur
2196 2444 2246 2489 et
2286 2436 2501 2506 quilibet
2540 2437 2717 2488 socius
2755 2436 2943 2505 prioris

413 2523 478 2576 ad
504 2541 657 2576 suum
684 2533 1010 2577 conventum
1036 2523 1252 2578 deferat.
1306 2525 1547 2578 Martene
1574 2533 1625 2577 et
1652 2524 1887 2591 Durand,
1916 2524 2220 2577 Thesaurus
2248 2541 2417 2578 novus
2447 2523 2831 2577 anecdotorum
2853 2524 2942 2593 IV,

418 2628 564 2681 1717.
639 2612 742 2665 Die
782 2612 949 2683 Folge
1001 2613 1199 2683 obigen
1246 2613 1562 2666 Schreibens
1610 2631 1722 2666 war
1773 2612 1857 2665 die
1893 2611 2295 2683 Aufforderung
2347 2612 2439 2665 des
2483 2611 2942 2682 Ordensgenerals

413 2719 478 2753 an
531 2702 615 2754 die
665 2701 1176 2772 Provinzialprioren
1223 2702 1354 2755 oder
1401 2702 1514 2755 ihre
1562 2702 1977 2766 Stellvertreter‚
2030 2701 2173 2772 quod
2221 2701 2452 2754 scribant
2503 2701 2551 2753 ei
2601 2701 2667 2753 ad
2716 2716 2943 2771 sequens

413 2789 663 2857 generale
702 2790 1019 2859 capitulum,
1060 2800 1187 2861 quot
1226 2790 1418 2843 domos
1458 2807 1703 2843 sororum
1741 2799 2045 2843 nostrarum
2083 2789 2278 2843 habent
2316 2790 2367 2841 in
2422 2789 2528 2841 suis
2567 2789 2851 2858 provinciis
2891 2796 2943 2839 et

413 2894 696 2930 numerum
735 2894 980 2930 sororum
1019 2878 1071 2929 in
1111 2877 1341 2947 qualibet
1379 2878 1543 2931 domo
1583 2888 1635 2931 et
1674 2895 1807 2949 quos
1847 2878 2075 2931 habeant
2112 2886 2401 2948 proventus
2441 2886 2493 2930 et
2531 2875 2726 2929 reditus
2767 2885 2818 2928 et
2846 2893 2946 2946 qua

413 2966 722 3017 auctoritate
761 2975 881 3018 sunt
922 2966 996 3017 eis
1035 2967 1371 3019 commissae.
1447 2966 1759 3036 (Daselbst.)
1822 2967 1883 3019 In
1920 2967 2023 3020 den
2048 2967 2225 3020 Akten
2263 2967 2356 3019 des
2381 2965 2621 3036 Kapitels
2659 2982 2722 3017 zu
2749 2963 2945 3017 Valen-

376 3102 382 3108 .
417 3053 632 3105 ciennes
673 3054 861 3123 (1259)
901 3052 1059 3106 heisst
1108 3070 1192 3106 es:
1241 3054 1432 3107 Nullae
1479 3054 1729 3107 mulieres
1780 3071 1877 3124 pro
1926 3055 2195 3107 sororibus
2241 3054 2548 3120 habeantur,
2588 3095 2600 3107 .
2641 3095 2652 3106 .
2694 3095 2705 3106 .
2743 3053 2844 3105 nisi
2881 3052 2946 3104 de

416 3140 599 3209 quibus
639 3141 931 3193 constiterit
968 3142 1226 3211 prioribus
1271 3142 1677 3212 provincialibus
1717 3184 1727 3196 .
1770 3185 1781 3195 .
1823 3185 1863 3207 .,
1916 3142 2057 3212 quod
2095 3143 2405 3195 auctoritate
2455 3141 2668 3211 alicujus
2706 3141 2946 3210 magistri

416 3227 612 3279 ordinis
651 3228 736 3280 vel
775 3228 984 3297 capituli
1021 3230 1285 3299 generalis
1325 3229 1408 3283 vel
1448 3230 1662 3296 alicuius
1702 3247 1869 3300 papae
1909 3246 2063 3283 curae
2102 3230 2299 3282 ordinis
2338 3230 2442 3282 sint
2478 3229 2815 3281 commissae.

1649 3403 1707 3454 ί).

627 3509 811 3596 Papst
841 3509 1196 3575 Alexander
1227 3509 1335 3575 IV.
1370 3509 1684 3597 ilbertriigt
1728 3511 1862 3575 dem
1918 3508 2406 3597 Ordensgeneral
2447 3506 2805 3598 (Humbert)
2854 3509 2948 3574 die

422 3595 1171 3684 Gleichfiirmigmachung
1231 3597 1372 3663 oder
1431 3598 1680 3685 Reform
1747 3598 1854 3663 der
1908 3599 2388 3663 Konstitutionen
2449 3596 2556 3662 der
2618 3596 2774 3661 nach
2834 3596 2947 3661 den

417 3683 834 3838 Institchmzen
892 3684 992 3749 des
1047 3684 1707 3751 Dominikanerordens
1770 3685 2053 3752 lebenden
2114 3684 2596 3752 Frauenkliister.
2713 3683 2949 3750 Viterbo

424 3791 585 3857 1257
697 3784 878 3859 ugust
924 3791 1027 3856 27.

627 3876 1004 3943 Alexander.
1081 3877 1365 3945 Affectus
1397 3877 1836 3966 promptitudo
1884 3878 2160 3945 benivoli
2196 3932 2209 3944 .
2264 3931 2278 3944 .
2332 3931 2346 3944 .
2394 3878 2563 3945 Hinc
2612 3889 2726 3959 est,
2774 3877 2948 3966 quod

418 3988 538 4030 nos
573 3963 650 4031 de
695 3977 801 4032 tua
846 3963 1105 4052 probata
1148 3966 1715 4054 circumspectione
1762 3965 2007 4048 confisi,
2055 3978 2125 4033 ut
2165 3967 2663 4033 constituciones
2703 3967 2948 4031 monia-

416 4052 570 4118 lium
604 4051 844 4118 ordinis
891 4054 1089 4120 sancti
1120 4055 1461 4140 Augustini
1491 4055 1851 4121 vivencium
1886 4052 2239 4121 secundum
2270 4055 2361 4121 tui
2394 4052 2634 4121 ordinis
2666 4054 2950 4119 instituta

417 4138 495 4206 ad
543 4138 1040 4207 uniformitatem
1074 4140 1375 4208 reducere
1407 4164 1478 4208 ac
1512 4141 1590 4208 de
1622 4141 1737 4208 illis
1771 4141 2165 4228 corrigendis
2198 4141 2296 4209 vel
2329 4164 2711 4230 quocunque
2745 4139 2946 4206 modo

418 4230 482 4293 in
529 4227 754 4294 melius
786 4226 1205 4294 reformandis
1251 4228 1442 4295 libere
1475 4227 1813 4316 disponere
1840 4230 2067 4311 valea3‚
2115 4241 2305 4316 prout
2351 4228 2703 4296 secundum
2734 4228 2946 4294 Deum

419 4328 483 4382 et
529 4314 840 4382 salubrem
888 4328 1117 4383 statum
1167 4315 1540 4383 monialium
1603 4316 1950 4384 earundem
1998 4336 2059 4383 et
2105 4316 2510 4383 honestatem
2565 4317 2661 4382 sui
2707 4314 2947 4381 ordinis

417 4401 647 4470 videris
709 4427 784 4470 ex
833 4403 1033 4485 edire,
1099 4404 1211 4471 tibi
1263 4406 1597 4471 autoritate
1655 4407 2044 4491 presentium
2101 4404 2513 4472 concedimus
2568 4402 2945 4470 facultatem.

418 4491 563 4557 Dat.
613 4492 793 4558 Viter
837 4492 878 4557 ii
927 4492 1037 4557 VI.
1085 4491 1379 4559 kalendas
1426 4491 1832 4579 septembriS‚
1888 4491 2291 4579 pontificatus
2349 4493 2550 4558 nostri
2594 4514 2765 4557 anno
2811 4492 2948 4557 1110.
