3505 5335
409 382 447 445 Ῐ.
490 394 637 451 1294.
1506 374 1510 379 ’
1576 380 1763 433 Briefe.
2813 368 2929 447 167

403 537 706 605 mundam
742 558 802 604 et
851 536 1082 604 famam
1116 537 1351 604 illesam
1402 538 1852 605 conservabitis
1886 537 2152 604 domino
2202 536 2554 604 adiuvante.
2616 538 2932 626 Frequen-

403 628 561 693 ciam
621 626 695 693 ad
745 625 1052 692 locutoria
1109 648 1402 692 sororum
1453 626 1552 693 vel
1606 625 1911 693 fenestras
1970 625 2391 706 declinabitiS,
2452 627 2571 691 nisi
2619 650 2696 692 ex
2751 649 2932 693 causa

401 713 751 782 rationabili
799 726 860 780 et
907 711 1235 780 manifesta
1280 713 1422 780 illuc
1470 714 1545 780 ali
1593 714 1803 781 uando
1852 713 2179 781 accedatis,
2260 714 2396 780 Nec
2445 713 2745 781 habebitis
2780 737 2932 780 con·

402 804 667 869 sortium
701 802 800 869 vel
835 801 1325 899 contubernium
1359 826 1503 870 cum
1537 738 1738 892 aliqua
1770 801 2168 883 feminarum,
2202 803 2322 868 nisi
2354 800 2534 868 vobis
2572 800 2731 869 adeo
2768 814 2932 869 esset

401 892 752 979 propinqua
786 902 848 957 et
896 901 1059 957 etate
1106 902 1366 972 matura,
1416 888 1588 978 quod
1636 890 1802 956 nulla
1848 890 1995 957 inde
2039 909 2255 977 posset
2302 891 2575 975 suspicio
2623 891 2928 977 generari.

400 979 688 1045 Pannum
748 1001 881 1044 non
939 977 1289 1044 coloratum
1348 977 1755 1065 deportabitis
1812 991 1872 1045 et
1932 990 2171 1045 vestem
2235 978 2499 1044 minime
2557 979 2929 1064 preciosam.

401 1067 600 1132 Priori
645 1065 904 1133 fratrum
954 1077 1320 1132 nostrorum
1371 1065 1832 1134 confitebimini
1864 1066 1963 1133 vel
2009 1065 2190 1132 alicui
2236 1063 2509 1132 discreto
2559 1064 2931 1147 confessori,

402 1155 506 1242 qui
539 1155 617 1221 sit
662 1177 959 1220 sororum
994 1176 1141 1220 cure
1173 1155 1235 1219 in
1274 1152 1779 1221 confessionibus
1814 1153 2163 1242 deputatuS.
2236 1152 2594 1221 Claustrum
2627 1153 2728 1220 vel
2759 1165 2932 1242 septa

403 1241 649 1310 claustri
696 1266 828 1308 non
878 1241 1323 1328 ingrediemini
1369 1243 1488 1308 nisi
1523 1245 1584 1309 in
1632 1243 1893 1310 articulo
1928 1243 2337 1322 necessitati3‚
2385 1244 2435 1307 si
2469 1241 2687 1309 fratres
2720 1243 2930 1309 vocari

404 1354 537 1397 non
584 1343 866 1417 possent.
959 1331 1126 1397 Nam
1191 1343 1340 1397 tunc
1390 1331 1453 1396 in
1513 1331 1772 1398 ecclesia
1819 1329 2073 1397 indutus
2119 1329 2394 1397 vestibus
2453 1331 2641 1396 sacris
2703 1331 2931 1397 intrare

445 1420 685 1486 oteritis
719 1437 781 1484 et
814 1419 1099 1505 corporis
1145 1417 1405 1486 adversa
1435 1418 1776 1486 valitudine
1822 1418 2127 1485 laboranti
2160 1442 2304 1485 cum
2353 1418 2753 1486 absolutione
2794 1441 2933 1506 pre-

444 1529 548 1573 ere
596 1505 1013 1573 ecclesiastica
1059 1519 1466 1589 sacramenta.
1559 1507 1631 1573 In
1680 1507 1864 1574 huius
1911 1508 2002 1573 rei
2046 1507 2484 1574 testimonium
2539 1519 2656 1573 etc.

402 1635 581 1643 q»m-——
596 1636 611 1639 ..

612 1681 723 1735 Fol.
759 1697 849 1753 195
880 1681 985 1734 und
1015 1697 1128 1753 197.
1191 1682 1262 1735 Es
1289 1681 1503 1735 handelt
1531 1682 1645 1735 sich
1670 1682 2139 1752 augenscheinlich
2167 1699 2257 1736 um
2284 1683 2440 1736 einen
2467 1681 2931 1752 Weltgeistlichen

404 1771 510 1836 (cui
549 1771 876 1840 competenti
917 1771 1274 1840 providebitur
1312 1770 1378 1823 de
1417 1770 1710 1842 prebenda)
1748 1772 1802 1824 in
1841 1772 2016 1825 einem
2054 1770 2461 1824 Frauenkloster
2499 1769 2591 1822 des
2632 1768 2859 1823 OrdenS.

1604 1979 1727 2047 161.

614 2102 999 2191 (Provinzial
1064 2104 1370 2195 Dietrich)
1441 2104 1722 2170 berichtet
1786 2105 1919 2170 dem
1998 2104 2549 2194 Grosspbnitentiar
2613 2104 2760 2170 iiber
2824 2105 2934 2170 das

415 2193 472 2256 V
465 2192 759 2259 erhc‘iltnis
813 2192 1112 2279 {wischen
1159 2190 1646 2258 Dominikanern
1704 2192 1832 2257 und
1877 2190 2366 2277 Franziskanern
2423 2194 2505 2257 im
2555 2192 2765 2280 Elsass
2810 2192 2939 2257 und

402 2280 710 2346 besonders
754 2280 901 2346 iiber
946 2281 1040 2346 die
1086 2280 1657 2367 Klostergrilndung
1700 2302 1819 2345 von
1871 2279 2274 2346 Schlettstadt.
2368 2276 2582 2365 (Nach
2633 2279 2851 2369 1294.)

612 2385 973 2452 Venerabili
1006 2384 1273 2451 domino
1306 2408 1377 2452 ac
1425 2387 1631 2452 amico
1667 2403 1728 2451 et
1775 2383 2064 2451 benefico
2099 2383 2350 2471 speciali
2382 2382 2548 2451 sedis
2586 2384 2932 2472 apostolice

403 2496 658 2539 summo
716 2475 1157 2560 penitentiario
1206 2486 1324 2541 etc.
1376 2497 1521 2540 cum
1570 2472 1776 2540 debita
1833 2474 2185 2540 reverentia
2232 2472 2492 2540 affectus
2541 2484 2603 2540 et
2649 2471 2933 2562 obsequii

402 2560 968 2648 promptitudinem
1008 2564 1295 2650 purioris,
1374 2563 1659 2628 Innotuit
1690 2562 1845 2627 mihi
1892 2560 1969 2628 de
2015 2562 2280 2628 remotis
2327 2560 2600 2649 partibus
2631 2562 2933 2643 venienti,

404 2646 575 2736 quod
607 2648 824 2718 fratres
871 2652 1074 2718 nostri
1107 2675 1252 2718 cum
1285 2649 1572 2719 fratribus
1603 2649 1959 2717 Minoribus
1990 2650 2318 2737 provincie
2352 2648 2595 2717 Alsacie
2628 2648 2933 2718 haberent

402 2736 631 2826 aliquid
669 2739 1020 2821 simultatiS,
1069 2742 1243 2829 quasi
1277 2738 1693 2820 edificassent,
1742 2758 1809 2806 ut
1845 2738 2048 2806 dicam
2080 2738 2438 2826 vulgariter,
2487 2740 2648 2806 intra
2681 2761 2931 2820 cannaS,

401 2838 716 2911 prestante
763 2827 840 2894 ad
872 2828 996 2895 hoc
1040 2830 1475 2895 auctoritatem
1510 2826 1811 2916 quodam,
1862 2840 1928 2894 ut
1959 2827 2204 2909 dicitur,
2253 2850 2402 2893 meo
2435 2828 2690 2909 vicario,
2739 2849 2928 2915 quem

402 2913 641 3002 reliqui.
715 2916 910 2982 Cuius
957 2915 1102 2983 facti
1134 2939 1279 2983 cum
1313 2939 1642 3004 quererem
1683 2917 2019 2998 rationem,
2065 2939 2446 3002 responsum
2479 2916 2710 3002 accepi,
2760 2913 2933 3002 quod

402 2999 618 3067 fratres
666 3001 929 3088 predicti
990 3015 1134 3070 ante
1184 3014 1403 3070 contra
1464 3004 1860 3090 privilegium
1910 3014 2211 3070 venerant
2266 3004 2332 3069 in
2394 3003 2641 3070 civitate
2686 3004 2932 3090 Argen·

402 3088 632 3153 tinensi
690 3108 751 3154 et
808 3113 892 3176 op
940 3088 1047 3156 ido
1096 3089 1512 3176 Friburgensi.
1606 3091 1776 3157 Nam
1839 3092 1900 3156 in
1949 3091 2196 3157 civitate
2294 3088 2530 3157 redicta
2585 3091 2934 3157 enormiter

405 3196 804 3242 excesserunt
839 3199 872 3242 e
921 3175 1199 3244 ificantes
1248 3175 1574 3244 ecclesiam
1607 3178 1782 3264 quasi
1830 3176 1908 3243 ad
1953 3179 2221 3264 parietes
2307 3189 2513 3243 atrum
2562 3189 2930 3245 nostrorum

404 3285 483 3329 eo
530 3273 853 3350 tempore,
917 3287 1062 3331 cum
1111 3277 1324 3331 essent
1369 3264 1656 3331 absentes
1705 3276 1769 3332 et
1816 3263 1893 3331 de
1940 3264 2087 3331 loco
2134 3287 2252 3330 suo
2313 3288 2424 3352 per
2469 3266 2599 3331 vim
2648 3266 2931 3351 inportu-

402 3372 634 3417 norum
683 3352 911 3417 civium
948 3351 1245 3440 elongati.
1317 3352 1438 3419 Cui
1484 3353 1932 3440 proscriptioni
1977 3353 2383 3439 prestiterunt
2416 3375 2662 3419 causam
2714 3351 2931 3420 fratres

401 3437 695 3526 predicti,
758 3440 918 3507 sicut
975 3439 1112 3507 orbi
1168 3453 1231 3508 et
1289 3440 1423 3507 urbi
1478 3452 1725 3527 poterat
1782 3459 2008 3507 notum
2075 3463 2232 3506 esse.
2335 3440 2422 3507 Su
2470 3463 2536 3506 er
2597 3463 2725 3529 quo
2787 3452 2933 3508 sunt

402 3525 604 3593 adhuc
675 3539 960 3614 patentes
1031 3528 1233 3596 littere
1302 3530 1495 3616 ipsius
1567 3527 1890 3594 cardinalis
1964 3582 1977 3594 .
2030 3581 2042 3594 .
2096 3581 2109 3593 .
2173 3529 2427 3594 Venera
2473 3528 2566 3594 ilis
2634 3526 2932 3596 dominus

402 3615 836 3698 Tusculanus;
897 3616 1243 3704 apostolice
1291 3617 1456 3684 sedis
1500 3617 1741 3704 legatus
1789 3616 2008 3698 voluit,
2057 3639 2138 3683 ne
2185 3615 2403 3683 fratres
2462 3616 2591 3683 rele
2639 3617 2722 3684 ati
2768 3627 2933 3683 atro-

404 3704 554 3769 citer
600 3702 995 3786 viderentur,
1064 3703 1237 3793 quod
1284 3707 1349 3772 in
1408 3706 1627 3772 vicinis
1685 3704 1842 3771 locis
1899 3729 1966 3771 se
2023 3706 2374 3793 reciperent
2430 3716 2494 3772 et
2549 3639 2931 3786 edificarent,

402 3789 575 3878 quod
633 3803 848 3859 tamen
903 3794 967 3859 in
1015 3804 1266 3882 tempus
1315 3805 1377 3861 et
1430 3804 1720 3881 tempora
1778 3792 2169 3861 distulerunt.
2261 3791 2687 3860 Postmodum
2744 3815 2933 3881 opor-

401 3880 662 3946 tunitate
709 3879 914 3947 habita
959 3904 1071 3968 per
1115 3880 1576 3969 beneplacitum
1607 3904 1675 3948 re
1723 3880 1833 3948 alis
1878 3879 2105 3969 fastigii
2151 3880 2229 3948 ad
2260 3882 2667 3948 vocationem
2715 3880 2933 3969 populi

403 3964 479 4032 de
529 3989 844 4034 consensu
885 3967 1227 4057 dyocesani
1275 3971 1341 4035 in
1381 3968 1587 4037 villam
1640 3904 1965 4051 Slezstadt,
2014 3968 2318 4057 oppidum
2366 3968 2657 4036 videlicet
2687 3970 2933 4056 Argen·

401 4055 662 4121 tinensis
697 4054 1009 4143 dyocesiS,
1059 4057 1281 4124 oculos
1313 4057 1695 4140 direxerunt,
1729 4068 2085 4145 querenteS,
2134 4058 2185 4122 si
2217 4056 2683 4145 quoquomodo
2716 4069 2933 4144 posset
2979 4094 2985 4099 ·

401 4143 537 4209 sine
570 4142 813 4209 offensa
858 4142 1119 4212 fratrum
1167 4157 1670 4213 memoratorum
1719 4147 2113 4234 requiescere
2158 4168 2270 4232 pes
2319 4167 2563 4212 eorum.
2645 4145 2931 4212 Circum-

401 4243 739 4318 spexerunt
786 4230 1063 4320 undique
1111 4244 1173 4300 et
1220 4257 1352 4299 non
1399 4232 1731 4322 apparebat
1779 4233 2113 4320 effugium,
2171 4234 2321 4322 quin
2370 4235 2771 4320 contingeret
2817 4234 2933 4299 im-

399 4319 682 4405 pingere,
729 4321 817 4385 sic
863 4331 1099 4403 tamen,
1148 4319 1321 4422 quod
1365 4320 1634 4388 fraterna
1681 4341 1918 4408 posset,
1968 4344 2090 4410 que
2137 4320 2353 4388 suffert
2400 4323 2646 4403 omnia,
2707 4321 2932 4388 karitas

400 4404 685 4473 tolerare.
798 4408 1103 4476 Emerunt
1172 4410 1360 4495 igitur
1424 4432 1633 4475 aream
1700 4462 1714 4475 .
1769 4462 1782 4475 .
1835 4462 1848 4475 .
1916 4409 2017 4476 Sic
2098 4432 2164 4474 se
2230 4428 2479 4496 ponunt
2547 4412 2612 4476 in
2676 4409 2933 4476 alicuius

401 4494 725 4582 municipii
787 4494 1066 4578 climate,
1146 4509 1214 4563 ut
1276 4495 1556 4564 funiculo
1627 4495 2082 4565 distributionis
2153 4519 2377 4564 eorum
2448 4520 2643 4564 nemo
2708 4495 2935 4565 audeat

399 4583 845 4671 propinquare.
899 4585 1261 4651 -Dominus
1309 4607 1466 4671 papa
1513 4586 1602 4651 sic
1650 4608 1782 4651 non
1832 4585 2163 4652 consuevit
2209 4608 2320 4651 sua
2367 4584 2694 4670 indulgere
2741 4584 2932 4652 bene-

400 4667 573 4750 ficia,
647 4691 713 4737 ut
783 4671 1180 4761 quorundam
1252 4674 1543 4739 remissio
1610 4670 1791 4740 fieret
1857 4672 2171 4740 tribulatio
2243 4692 2622 4740 ceterorum.
2727 4673 2929 4739 Porro
