3505 5335
416 361 459 430 J.
506 377 522 411 1
541 361 735 428 267-*1
751 376 866 428 270.
1588 359 1780 414 Briefe.
2870 349 2950 430 67

418 542 529 584 sue
575 520 752 605 virge
802 520 1188 600 misterium,
1235 542 1393 605 vaga
1439 518 1770 600 reducere,
1819 519 1987 585 lenta
2033 542 2347 621 pungere,
2396 518 2664 586 invalida
2709 540 2955 586 susten-

418 626 568 672 tare.
649 606 827 672 Susci
874 607 957 674 iat
1002 607 1172 673 hunc
1216 605 1550 673 letabunda
1583 619 1646 673 et
1692 606 1950 673 laudans
1998 609 2238 674 utinam
2286 629 2595 694 sponsum
2642 632 2827 674 suum
2877 632 2954 675 ex

419 695 544 760 hoc
610 694 750 781 ipso
808 630 868 761 sp
870 694 954 760 hx
1009 693 1298 774 ecclesia,
1363 707 1608 761 vestem
1670 693 1916 762 luctus
1938 707 2154 776 exuat,
2216 694 2575 792 squalorem
2637 695 2953 763 viduitatis

421 781 662 863 abiciat,
710 782 954 848 vultum
1005 795 1386 869 componat,
1435 783 1499 848 in
1549 806 1648 848 am
1698 782 1872 849 lexus
1921 802 2241 864 occurrat,
2298 805 2543 849 nomen
2591 785 2720 870 ejus
2768 807 2841 850 su
2888 807 2955 850 er

420 894 487 936 se
535 871 822 952 invocet,
879 871 985 959 qui
1043 882 1217 937 curat
1273 873 1403 958 ejus
1454 893 1658 958 oppro
1706 872 1871 936 rium
1918 870 2190 937 abolere.
2281 871 2423 937 Nec
2469 870 2546 937 de
2594 872 2733 958 ipso
2793 884 2954 939 utra

422 956 692 1039 dubitet,
754 959 926 1046 quia,
990 976 1050 1024 et
1097 959 1149 1023 si
1195 957 1311 1024 alia
1356 981 1490 1024 non
1552 971 1959 1047 suppeterent
2017 960 2268 1040 merita,
2329 960 2476 1025 satis
2523 971 2719 1041 esset,
2781 958 2957 1047 quod

421 1046 712 1113 Romana
760 1046 1040 1128 ecclesia,
1088 1069 1210 1134 que
1258 1065 1478 1113 autore
1511 1046 1656 1112 Deo
1707 1049 2002 1112 omnium
2049 1012 2456 1113 ecclesiarum
2504 1058 2599 1113 est
2646 1046 2846 1135 capud
2895 1060 2956 1114 et

422 1134 738 1221 magistra,
787 1135 991 1221 ipsum
1027 1134 1238 1221 elegit,
1283 1135 1492 1221 ipsum
1542 1135 1685 1200 huic
1732 1133 1991 1202 adduxit
2038 1134 2284 1216 honeri,
2334 1133 2655 1222 deputavit
2699 1135 2954 1217 honori,

423 1245 544 1309 que
576 1221 760 1288 solita
797 1223 1365 1309 circumspectione
1400 1234 1462 1288 et
1499 1221 1839 1289 cottidiana
1882 1221 2302 1289 sollicitudine
2314 1221 2678 1324 providere
2710 1225 2956 1310 satagit,¹

423 1332 505 1374 ne
550 1311 757 1376 tocius
806 1309 1035 1376 familie
1074 1309 1319 1376 domini
1366 1321 1561 1377 status
1604 1322 1785 1376 nutet
1818 1309 1913 1399 (?)
1951 1322 2013 1377 et
2044 1309 2228 1392 ord0,
2278 1312 2330 1375 si
2363 1333 2494 1376 non
2543 1311 2860 1378 invenitur
2890 1311 2986 1377 in'

425 1398 644 1483 capite,
736 1396 865 1464 uod
914 1417 1079 1464 esset
1126 1400 1191 1463 in
1239 1398 1439 1485 capite
1485 1397 1954 1486 requirendum.
2031 1399 2232 1465 Instar
2322 1420 2554 1487 noque,
2602 1411 2671 1466 ut
2708 1400 2791 1466 ait
2835 1399 2956 1480 lex,

423 1421 755 1574 habet(ui·B
784 1485 1089 1572 sacrilegii
1113 1485 1207 1552 dis
1253 1497 1448 1568 utare,
1481 1509 1562 1551 an
1593 1488 1642 1552 is
1665 1485 1893 1588 dignus
1919 1488 2017 1569 sit,
2051 1509 2242 1575 quem
2267 1421 2456 1572 edegit
2488 1499 2805 1574 operator,
2840 1510 2958 1554 nec

426 1571 502 1639 de
529 1575 658 1675 ejus
682 1575 1098 1660 provectione
1121 1509 1448 1640 dubitari
1409 1573 1615 1656 debet,
1651 1576 1749 1641 cui
1775 1597 1891 1661 pro
1916 1541 2230 1640 laboribus
2264 1574 2498 1655 multiS,
2530 1597 2647 1661 pro
2676 1574 2958 1641 moribus

426 1662 627 1742 castiS,
674 1684 792 1748 pro
836 1660 1072 1728 actibus
1113 1663 1427 1729 strennuis
1474 1661 1735 1729 debetur
1766 1663 1890 1728 loci
1920 1663 2236 1749 premium
2272 1661 2570 1728 celsioris,
2642 1663 2737 1751 Ey
2768 1686 2958 1751 quam

425 1750 813 1850 inpacienter
843 1748 1101 1816 ferenda
1134 1762 1228 1816 est
1249 1751 1406 1816 tanti
1436 1751 1553 1816 viri
1584 1749 1883 1831 absentia,
1930 1773 2118 1838 quam
2152 1748 2579 1816 desideranter
2612 1750 2961 1852 expetenda

426 1838 770 1923 presencia,
819 1839 923 1925 qui
954 1849 1157 1904 totam
1204 1839 1596 1925 provinciam
1643 1861 1754 1904 sue
1787 1836 2085 1904 bonitatis
2132 1837 2270 1904 luce
2317 1860 2616 1904 serenans
2647 1838 2714 1904 in
2745 1839 2955 1925 primo

427 1948 694 1991 occursu
739 1948 856 1991 suo
891 1924 1093 1991 dulcia
1139 1925 1416 2012 proferet
1461 1924 1744 1993 antidota
1775 1924 2184 2012 gaudiorum!
2234 1927 2476 1991 Annon
2511 1924 2959 1992 desiderandus

428 2014 563 2094 erit,
612 2013 677 2078 in
724 2035 853 2114 quo
901 2015 1206 2100 reperitur
1253 2015 1579 2100 perspicue
1625 2015 1887 2080 rationis
1934 2013 2349 2100 signaculum,
2396 2037 2519 2101 que
2561 2012 2960 2081 discretionis

427 2066 775 2167 ven'tilabro
824 2102 889 2166 in
936 2123 1076 2167 area
1122 2100 1500 2188 judiciorum
1544 2100 1823 2168 falsitatis
1869 2103 2078 2167 inania
2109 2102 2288 2168 novit
2334 2124 2664 2168 secernere
2711 2125 2746 2169 a
2777 2103 2954 2168 seriis

427 2189 739 2255 veritatis?
830 2189 902 2254 Ei
948 2188 1335 2255 memorialis
1381 2188 1713 2257 famulatur
1758 2191 2083 2276 potencia,
2144 2211 2342 2277 penes
2389 2212 2579 2277 quam
2626 2189 2955 2276 ingenialis

429 2278 653 2358 virtus,
719 2278 1002 2343 venatrix
1051 2276 1367 2344 subtilium
1417 2276 1830 2364 providorum
1889 2276 2303 2343 consiliorum
2349 2278 2760 2344 aromaticam
2808 2300 2961 2344 con·
3023 2346 3027 2349 .

430 2365 628 2432 stituit
672 2364 1067 2452 apothecam.
1161 2364 1422 2433 Relucet
1482 2366 1547 2430 in
1609 2389 1687 2431 eo
1737 2388 1994 2432 morum
2049 2364 2256 2430 forma
2317 2364 2698 2452 spectabilis,
2762 2367 2961 2432 sancti

430 2451 689 2538 pudoris
736 2452 1027 2519 nobilitas
1077 2470 1138 2519 et
1184 2475 1411 2518 norma
1457 2451 1765 2540 pudicicie
1810 2452 2131 2539 regularis,
2202 2454 2433 2519 Divina
2481 2454 2620 2519 insu
2667 2476 2735 2518 er
2763 2455 2961 2554 gratia

432 2538 809 2607 detestabilis
856 2542 1120 2607 avaricie
1167 2564 1201 2606 a
1247 2565 1315 2607 se
1361 2540 1761 2628 proscribens
1811 2541 2273 2607 commercium
2337 2540 2545 2608 eidem
2636 2542 2961 2608 iviciarum

432 2651 683 2695 suarum
732 2650 867 2695 non
914 2628 1131 2695 clausit
1179 2630 1469 2711 erarium,
1517 2641 1614 2696 set
1661 2628 1776 2695 sibi
1811 2629 2111 2717 copiosos
2157 2629 2402 2696 virtutis
2447 2630 2778 2696 thesauros
2813 2628 2962 2697 elar-

402 2719 610 2803 -giens
654 2718 1210 2784 conversationem
1245 2718 1373 2804 ejus
1420 2717 1625 2785 reddit
1671 2716 2005 2784 amabilem
2038 2729 2100 2784 et
2147 2719 2211 2783 in
2245 2729 2591 2804 conspectu
2624 2717 2963 2784 hominum

432 2806 794 2890 gratiosam.
887 2806 1008 2871 Hic
1056 2807 1358 2871 nimirum
1413 2818 1544 2873 tam
1592 2825 1813 2872 nature
1874 2828 2061 2894 quam
2109 2806 2316 2892 gracie
2373 2807 2653 2872 iacinctis
2701 2807 2966 2873 circum-

433 2892 611 2959 datus
659 2891 970 2959 nobilium
1018 2915 1276 2959 morum
1323 2893 1605 2981 seluptor
1651 2892 1760 2960 fiet
1806 2892 2180 2960 artificiosus
2229 2905 2292 2960 et
2324 2892 2592 2959 colonus
2639 2895 2963 2960 mencium

431 2980 809 3047 fructuosus,
902 2981 1016 3047 Elo
1062 2983 1287 3048 uencie
1334 3005 1446 3048 sue
1492 2983 1779 3068 graciosa
1824 2980 2113 3048 facundia
2166 2981 2475 3048 honestos
2523 3004 2738 3048 mores
2789 3035 2802 3048 .
2855 3035 2868 3048 .
2922 2988 2969 3047 ,2

434 3071 498 3133 in
522 3069 771 3155 populis
795 3004 1158 3135 racionibus
1193 3081 1255 3136 et
1286 3069 1569 3136 affatibus
1591 3071 1910 3137 virtuosis.
1945 3068 2048 3135 Ad
2070 3070 2186 3135 hec
2212 3068 2668 3135 conscribenda
2698 3068 2967 3136 fideliter

435 3175 497 3221 et
542 3156 820 3223 veridico
869 3156 1012 3223 stilo
1047 3156 1354 3224 exaranda
1401 3159 1553 3223 novi
1599 3159 1789 3245 patris
1823 3156 2219 3224 considerata
2263 3156 2561 3224 bonitatis
2596 3157 2964 3225 excellentia

435 3267 538 3310 me
586 3243 850 3326 induxit,
898 3256 967 3311 ut
1003 3257 1209 3312 vestre
1258 3243 1704 3311 declaracionis
1752 3243 2171 3311 ..lucerna
2203 3243 2500 3311 bonitatis
2544 3298 2558 3310 .
2648 3243 2970 3311 d.educta

435 3333 500 3396 in
549 3331 867 3419 publicum
915 3331 1198 3434 ’pulcrius
1247 3332 1556 3400 elucescat
1614 3345 1675 3400 et
1720 3356 1837 3399 vos
1885 3331 1962 3397 ad
2012 3330 2395 3398 exsolvenda
2442 3333 2587 3398 Deo
2645 3298 2971 3399 bonorum

436 3420 715 3507 largitori
761 3422 1112 3506 graciarum
1161 3420 1368 3488 debita
1411 3432 1589 3487 tanto
1639 3420 1942 3488 devocius
1991 3421 2407 3506 consurgatiS,
2463 3432 2701 3507 quanto
2750 3419 2973 3486 domui

436 3519 643 3574 *vestre
690 3530 825 3573 non
878 3526 1009 3574 tam
1057 3507 1136 3575 de
1185 3508 1453 3575 domino
1501 3531 1692 3596 quam
1740 3507 1819 3575 de
1875 3520 2050 3596 patre
2097 3507 2423 3595 specialius
2484 3518 2578 3574 est
2623 3509 2971 3595 provisum.

2339 3594 2840 3685 Her(mannus).

652 3779 669 3807 ¹
706 3771 809 3825 HS.
958 3778 978 3808 2
1016 3771 1167 3825 Fehlt
1207 3772 1291 3824 ein
1329 3772 1514 3837 Wort3
1553 3773 1848 3825 monetabit
1886 3771 2015 3837 HS.;
2055 3772 2124 3824 ob
2162 3772 2508 3825 monstrabit?

650 3963 761 4018 Fol.
806 3976 938 4033 3ov.
1007 3964 1201 4018 Schrift
1237 3964 1498 4019 teilweise
1536 3964 1801 4018 verblasst.
1845 3963 1979 4018 Otto
2016 3964 2201 4017 wurde
2240 3982 2327 4016 am
2368 3966 2448 4017 18.
2488 3964 2697 4035 August
2743 3964 2874 4033 1267
2913 3982 2979 4017 an

441 4051 604 4104 Stelle
652 4051 746 4105 des
795 4052 1134 4122 gewahlten‚
1188 4053 1313 4106 aber
1359 4052 1453 4106 auf
1494 4054 1608 4106 sein
1653 4052 1785 4105 Amt
1832 4051 2244 4105 verzichtenden
2290 4052 2543 4122 Propstes
2591 4052 2824 4123 Volquin
2872 4069 2980 4105 von

442 4139 862 4211 Schwalenberg
914 4158 1034 4193 zum
1072 4140 1298 4194 Bischof
1336 4158 1444 4194 von
1482 4140 1699 4193 Minden
1746 4157 1854 4194 von
1901 4140 2064 4210 Papst
2100 4139 2359 4193 Klemens
2398 4140 2489 4193 IV.
2543 4149 2781 4194 ernannt.
2855 4139 2979 4210 Vgl.

442 4225 686 4281 Westfal.
726 4227 837 4281 UB.
879 4228 943 4295 V,
983 4226 1103 4297 673.
1176 4228 1450 4281 Hermann
1488 4227 1608 4282 lasst
1645 4226 1749 4280 den
1788 4226 1973 4281 Grund
2010 4226 2409 4294 durchblicken,
2448 4244 2654 4280 warum
2691 4226 2786 4280 der
2821 4227 2983 4297 Papst

441 4315 525 4368 die
562 4315 724 4368 wahl
761 4315 1039 4387 Volquin8‚
1080 4315 1174 4369 der
1210 4317 1460 4387 sibrigens
1506 4329 1640 4385 1274
1678 4314 1840 4369 Ottos
1879 4314 2212 4386 Nachfolger
2246 4314 2449 4381 warde,
2488 4314 2635 4369 nicht
2671 4316 2980 4387 bestatigte.

441 4392 587 4456 Uber
614 4402 776 4457 Ottos
804 4403 1063 4458 Herkunft
1100 4404 1206 4475 vgl.
1235 4404 1790 4474 Zusammenstellung
1826 4402 1921 4457 der
1946 4403 2308 4457 Nachrichten
2345 4404 2431 4457 bei
2460 4403 2705 4470 Schaten,
2745 4403 2981 4456 Annales

444 4490 907 4545 Paderbornenses
950 4492 1015 4545 ad
1053 4510 1248 4546 annum
1294 4492 1443 4561 1265.
1518 4493 1598 4545 Im
1637 4493 1860 4561 sibrigen
1899 4492 2005 4562 vgl.
2045 4491 2365 4562 Einleitung.

2723 4665 2774 4711 5*
