3505 5335
545 359 579 422 7
591 358 625 402 2
1714 354 1903 408 Briefe.
2834 356 2878 426 J.
2925 372 2942 407 1
2958 371 3074 424 270.

544 537 688 579 eum
736 536 848 600 per
894 511 1127 579 litteras
1182 512 1508 580 scribentis
1555 514 1813 580 vicarias
1874 513 2199 600 parvulum
2249 536 2360 580 sue
2410 511 2783 579 devocionis
2844 536 3075 579 munus

543 600 861 667 oblaturus
893 599 1134 667 accedit
1145 626 1162 682 ;
1213 623 1361 687 egre
1408 600 1636 682 serem,
1685 600 1860 690 quod
1893 602 2368 668 communicare
2401 600 2885 688 sollempnitatis
2921 623 3073 667 con-

542 690 742 755 sortio
793 712 937 755 cum
985 688 1327 755 astantibus
1360 687 1646 755 finitimis
1693 712 1829 755 non
1863 689 2113 756 exultat.
2177 689 2492 770 Quamvis
2541 689 2711 756 enim
2760 690 2824 755 in
2857 712 3075 757 mensa

541 776 819 863 predicta
883 788 1056 843 tanta
1108 778 1508 864 prerogativa
1567 776 1987 844 misterialiter
2041 777 2352 864 gloriosa,
2412 800 2603 866 quam
2701 800 2766 842 er
2815 779 3074 843 circum-

542 866 798 931 stantias
845 863 1123 953 undique
1171 863 1472 952 splendor
1518 867 1817 952 copiosus
1865 865 2154 946 illustrat,
2217 864 2609 931 honorabilia
2697 887 2821 930 ona
2876 866 3074 931 scien-

540 954 768 1019 tiarum
814 975 932 1040 pro
982 953 1263 1040 epistolis
1308 965 1705 1040 apponantur
1754 965 1815 1019 et
1862 952 2244 1019 sublimioris
2293 952 2580 1019 doctrine
2625 951 2846 1040 pabula
2893 954 3075 1019 variis

466 1076 473 1085 ·
541 1059 894 1107 aromatum
931 1063 1211 1128 respersa
1243 1043 1587 1128 pigmentis
1636 1042 1957 1129 copiosius
1997 1043 2453 1121 ministrentur,
2500 1052 2631 1107 tam
2665 1042 2872 1127 exigui
2921 1039 3076 1106 doni

540 1130 957 1208 transmissiO,
1005 1152 1127 1217 que
1159 1152 1389 1195 venam
1429 1127 1675 1196 redolet
1705 1152 2071 1216 pauperem,
2119 1128 2350 1195 favoris
2383 1128 2639 1194 alicuius
2679 1130 2908 1195 mereri
2941 1151 3076 1194 non

541 1215 823 1283 videatur
856 1217 1208 1298 honorem3
1254 1229 1431 1284 tenet
1460 1229 1674 1283 tamen
1711 1219 2018 1284 mittentis
2052 1215 2394 1284 indubitata
2426 1214 2673 1296 fiducia,
2706 1215 2879 1305 quod
2911 1215 3076 1302 apud

540 1306 712 1370 viros
778 1304 1107 1370 celestibus
1164 1304 1349 1371 donis
1412 1304 1694 1392 preditos
1760 1307 1890 1392 ejus
1939 1304 2271 1372 modicitas
2329 1304 2762 1371 modicitatem
2823 1305 3076 1370 enxenii

543 1391 1008 1479 compensabit,
1070 1392 1243 1481 quod
1307 1415 1531 1460 eorum
1595 1393 1881 1460 sensibus
1944 1392 2339 1481 gratitudinis
2401 1393 2658 1459 alicuius
2719 1391 3072 1478 placiditate

542 1479 888 1562 dulcescat,
959 1504 1070 1568 per
1139 1504 1329 1569 quam
1407 1480 1718 1547 bonarum
1804 1483 2117 1548 mentium
2199 1479 2615 1547 multitudinis
2687 1480 3076 1567 interpellata

539 1567 892 1654 benignitas
950 1569 1115 1636 votis
1165 1571 1296 1635 eius
1357 1568 1735 1656 supplicibus
1798 1568 2286 1636 condescendat.
2390 1570 2533 1634 Hoc
2595 1569 2785 1654 igitur
2845 1591 2879 1633 a
2938 1591 3076 1655 pre-

540 1658 762 1723 stantia
795 1669 999 1723 vestra
1089 1680 1245 1723 rona
1294 1678 1510 1724 mente
1559 1657 1828 1724 devotus
1876 1670 2104 1744 expeto
2137 1655 2627 1724 desiderabiliter
2674 1668 2735 1722 et
2784 1668 3071 1743 expectO,

540 1762 627 1824 ut,
675 1768 820 1810 cum
863 1746 985 1831 jam
1077 1744 1275 1811 udum
1322 1746 1486 1813 inter
1529 1745 1961 1812 tumultuosos
2007 1769 2375 1832 guerrarum
2421 1744 2670 1825 fluctuS,
2719 1768 2840 1832 que
2880 1743 3074 1810 fidem

541 1830 802 1899 ecclesie
834 1856 1031 1921 usque
1064 1830 1140 1898 ad
1171 1836 1481 1899 terminos
1514 1835 1976 1920 suppressionis
2010 1832 2492 1921 adduxera(n)t,
2527 1856 2608 1898 ne
2641 1831 3075 1919 submergeret

539 1922 601 1984 in
648 1920 1006 2007 procelloso
1055 1921 1379 2008 naufragio
1426 1923 1644 2008 patrie,
1693 1945 1799 1987 me
1847 1922 2092 1988 sustulit
2138 1921 2345 1988 divina
2394 1921 2727 1987 clementia
2773 1932 3074 1987 votorum

538 2007 799 2074 fratrum
846 2008 1156 2095 suffragiis
1203 2009 1515 2090 inclinata,
1565 2021 1631 2075 ut
1677 2009 1755 2075 ad
1803 2009 2178 2077 salutiferam
2221 2011 2431 2075 anime
2479 2010 2759 2096 quietem
2806 2006 3076 2074 adducar

540 2119 573 2160 a
638 2095 895 2182 pelagO,
966 2095 1139 2184 quod
1211 2096 1503 2164 nondum
1568 2096 1798 2164 sedatis
1872 2097 2163 2164 fluctibus
2247 2098 2645 2185 conquievit,
2713 2098 3074 2162 orationum

539 2203 899 2250 vestrorum
933 2208 1037 2250 me
1071 2184 1464 2251 succursibus
1504 2184 1810 2252 adiuvetis
1843 2188 2031 2252 sacris
2065 2185 2304 2251 anhelis
2338 2183 2662 2250 desideriis
2695 2186 3076 2270 aspirantem

541 2271 617 2337 ad
662 2271 967 2339 felicitatis
1015 2285 1221 2339 vestre
1268 2272 1702 2361 tranquillum,
1766 2273 1870 2339 ubi
1917 2273 2148 2339 stabilis
2197 2272 2378 2339 sedes
2426 2296 2543 2339 vos
2592 2274 2911 2352 continet,
2970 2274 3075 2359 qui

539 2359 885 2427 liberalium
947 2363 1173 2428 artium
1273 2361 1568 2448 rivilegiis
1627 2360 1973 2448 gloriantes
2043 2385 2269 2428 amena
2328 2361 2732 2427 scientiarum
2791 2361 3076 2446 pomeria

542 2447 744 2514 colitis
795 2468 856 2514 et
915 2472 986 2514 ea
1040 2384 1435 2535 precellentis
1497 2448 1786 2516 doctrine
1841 2449 2053 2516 rivulis
2109 2450 2405 2536 irrigatiS,
2467 2460 2535 2515 ut
2595 2460 2657 2515 et
2702 2447 2779 2513 ad
2840 2447 3073 2513 florum

540 2534 941 2622 fragrantiam
977 2549 1342 2604 concrescat
1386 2536 1795 2624 multiplicata
1841 2539 2141 2625 plantatio
2176 2549 2237 2603 et
2282 2535 2518 2603 fructus
2564 2535 2913 2623 producat2
2945 2535 3076 2602 dul-

541 2624 830 2690 cissimos
876 2623 1270 2712 temporibus
1319 2627 1671 2713 oportunis,
1769 2627 2099 2713 Deprecor
2155 2626 2343 2692 etiam
2391 2647 2542 2706 VOS,
2600 2647 2762 2713 quos
2811 2622 3075 2690 munda-

540 2735 772 2778 norum
818 2713 1092 2799 pericula
1138 2737 1273 2780 non
1322 2713 1686 2795 involvunt,
1735 2716 1840 2802 qui
1890 2715 2111 2782 elevati
2158 2713 2484 2780 sublimius
2531 2714 2798 2779 ventatis
2846 2714 3075 2779 vacatis

539 2799 919 2887 aspectibuS,
977 2802 1082 2888 qui
1131 2802 1348 2888 spiritu
1397 2800 1584 2868 docte
1631 2804 1810 2868 vocis
1857 2801 2186 2869 vivificatis
2245 2803 2538 2868 scientias
2584 2801 2854 2866 aliorum
2913 2802 3075 2888 ipsas

541 2887 857 2954 mentibus
890 2891 1263 2971 inserenteS,
1298 2888 1472 2977 quod
1505 2890 1662 2955 mihi
1698 2902 2019 2957 tantorum
2054 2889 2376 2956 bonorum
2410 2891 2653 2976 privato
2678 2887 3076 2975 compendiis

540 2999 771 3041 munus
817 2978 1040 3042 intime
1075 2978 1537 3064 compassionis
1583 2977 1919 3063 benignius
1952 2977 2283 3065 prebeatiS,
2331 3001 2364 3043 a
2396 2977 2693 3064 largitore
2734 2999 3073 3043 munerum

541 3062 831 3130 devotius
880 3077 1326 3151 exposcenteS,
1393 3064 1566 3154 quod
1612 3089 1729 3152 pro
1778 3065 1962 3132 bonis
2009 3068 2232 3133 vestris
2279 3064 2607 3152 predictis,
2656 3089 2778 3153 que
2825 3066 2891 3131 in
2936 3088 3076 3151 pre-

540 3153 703 3217 senti
764 3154 889 3218 vita
954 3154 1365 3239 negotiorum
1433 3152 1692 3241 qualitas
1751 3166 1813 3220 et
1883 3154 2177 3221 locorum
2237 3178 2270 3219 a
2325 3152 2506 3220 vobis
2572 3153 2861 3220 distantia
2920 3152 3075 3218 mihi

537 3238 768 3307 tollunt
831 3252 892 3306 et
952 3242 1203 3328 spiritus
1281 3243 1470 3308 etiam
1545 3243 1863 3329 ipsorum,
1929 3255 1997 3309 ut
2068 3240 2341 3323 adsolet,
2419 3240 2708 3307 subducit
2785 3239 3075 3307 desiderii

539 3327 949 3415 magnitudO,
994 3327 1240 3396 labores
1289 3353 1503 3411 meOS,
1608 3352 1726 3395 uos
1774 3354 1891 3417 pro
1941 3354 2057 3396 suo
2106 3331 2371 3396 nomine
2419 3353 2561 3395 sum
2622 3352 2955 3415 perpessus
3014 3341 3075 3395 et

538 3417 780 3502 patior,
843 3416 1335 3485 misericorditer
1382 3416 1459 3483 ad
1519 3353 1729 3484 salutis
1791 3418 2061 3505 gloriam
2109 3418 2337 3484 habere
2401 3417 2698 3504 dignetur
2754 3428 3070 3503 acceptos

540 3504 845 3570 Ceterum
906 3529 987 3572 ne
1046 3505 1228 3572 vobis
1288 3507 1352 3571 in
1416 3504 1616 3592 aliqua
1678 3518 1852 3591 parte
1914 3508 2145 3573 mentis
2207 3529 2350 3572 mee
2411 3507 2737 3591 incognita
2803 3516 3075 3571 transeat

538 3591 868 3674 habitudo,
927 3592 1201 3660 eundem
1251 3616 1354 3659 me
1401 3592 1537 3657 fore
1583 3596 1813 3679 putetis
1861 3593 1939 3660 ad
1985 3616 2274 3680 presens,
2336 3617 2529 3681 quem
2575 3592 2754 3659 vobis
2804 3592 2958 3658 olim
3008 3594 3073 3657 in

538 3681 756 3766 spiritu
810 3680 1080 3747 lenitatis
1127 3681 1375 3747 socialis
1434 3680 1661 3746 karitas
1710 3680 1950 3747 ordinis
1999 3681 2331 3763 offerebat,
2390 3694 2451 3748 et
2498 3682 2549 3747 si
2596 3680 2859 3768 prelatio
2910 3703 3072 3760 mea,

538 3769 908 3856 inquietatio
943 3771 1184 3855 pocius,
1234 3768 1388 3833 mihi
1436 3767 1722 3835 favorem
1755 3770 2028 3859 aliquem
2070 3772 2455 3836 extrinsecus
2489 3769 2735 3836 adicere
2768 3766 3071 3848 videatur,

538 3854 962 3922 adiectionem
1010 3857 1210 3943 ipsam
1270 3879 1403 3921 non
1451 3855 1615 3922 aliud
1663 3860 1953 3945 experior
2013 3881 2202 3946 quam
2248 3860 2604 3944 angustiam
2662 3869 2723 3923 et
2769 3855 3072 3937 laborem,

536 3944 655 4008 nisi
732 3945 978 4010 uatinus
1013 3945 1200 4024 iuvat,
1249 3943 1423 4031 quod
1457 3942 1685 4025 ordini,
1735 3950 1957 4033 quaml
1989 3947 2283 4012 existimo
2317 3947 2803 4032 promotionem
2835 3968 3071 4025 veram,

537 3967 875 4113 ascribam,
934 4030 1231 4120 quicquid
1277 4054 1450 4113 sum,
1513 4043 1575 4098 et
1621 4030 1698 4097 ad
1746 4036 1939 4120 ipsius
1987 4034 2268 4100 favorem
2316 4033 2719 4114 transferam,
2776 4031 3072 4122 quicquid

537 4142 824 4206 possum.

752 4305 767 4333 ¹
808 4296 881 4349 So
920 4296 1022 4348 HS.
1171 4302 1192 4332 ²
1228 4295 1478 4365 perducat
1518 4297 1618 4350 HS.

749 4487 860 4541 Fol.
905 4503 947 4556 3.
1024 4488 1264 4542 Thomas
1303 4488 1446 4560 Agni
1485 4490 1550 4542 de
1588 4490 1842 4556 Lentino,
1884 4490 2091 4556 winde,
2137 4490 2399 4543 nachdem
2441 4507 2497 4543 er
2534 4491 2975 4561 Provinzialprior
3023 4493 3072 4543 iu

538 4576 770 4628 Tuscien
807 4592 1093 4647 gewesen,
1152 4592 1278 4645 1255
1323 4577 1548 4631 Bischof
1590 4595 1696 4631 von
1735 4578 2083 4644 Bethlehem,
2106 4622 2109 4625 .
2136 4577 2268 4647 1267
2306 4579 2626 4632 Erzbischof
2663 4596 2771 4632 von
2810 4579 3072 4644 Kosenza,

544 4678 669 4733 1273
714 4664 982 4717 Patriarch
1032 4683 1137 4718 von
1175 4665 1493 4735 Jerusalem,
1549 4666 1688 4718 starb
1741 4681 1890 4734 1277.
1967 4667 2135 4719 Unter
2188 4667 2372 4719 seinen
2411 4666 2678 4720 Schriften
2720 4668 2853 4720 wird
2902 4667 3074 4720 dieser
