3505 5335
393 360 438 430 J.
483 360 630 430 1298.
1558 356 1746 410 Briefe.
2129 334 2130 337 Ἴ
2797 356 2913 419 129

392 518 701 583 incurritis
750 517 1088 583 criminale.
1181 517 1382 581 Porro
1443 517 1549 605 qui
1595 517 1719 581 sint
1776 515 2158 581 nominatim
2208 513 2759 593 excommunicati,
2823 513 2916 577 in-

392 604 716 671 fallibiliter
773 607 930 671 scire
999 605 1262 691 potestis
1318 626 1438 670 nec
1493 614 1777 684 excusat,
1839 604 1887 668 si
1944 601 2097 669 tales
2156 612 2446 687 parentes
2501 601 2692 666 vestri
2751 612 2915 680 sunt,

394 716 540 759 nam
591 691 663 757 ab
726 693 1009 779 ipsorum
1069 703 1381 779 potestate
1430 703 1491 758 et
1545 689 1759 757 federe
1815 689 2038 776 religio
2085 711 2203 755 vos
2251 689 2504 754 exemit.
2596 687 2918 754 Interdicti

392 803 545 847 vero
594 798 739 846 sunt
771 803 997 846 omnes
1044 780 1107 845 in
1142 780 1390 846 civitate
1429 791 1490 846 et
1536 802 1655 845 nec
1686 777 1853 865 apud
1881 800 1999 845 vos
2032 800 2152 843 nec
2183 776 2325 842 alibi
2371 787 2671 863 poterunt
2703 774 2915 842 audire

394 867 622 948 divina,
670 868 789 932 nisi
835 891 907 933 su
954 890 1019 934 er
1051 867 1175 934 hoc
1221 866 1518 934 licentiati
1549 868 1695 947 sint,
1741 865 1843 933 vel
1887 864 2285 952 privilegium
2327 862 2595 931 habeant
2626 862 2912 950 speciale.

393 956 740 1022 Licentiam
787 956 891 1042 qui
938 979 1040 1021 arn
1088 954 1459 1035 habuerunt,
1508 974 1574 1020 ut
1623 953 1868 1034 dicitur,
1916 977 1951 1018 a
1981 950 2321 1020 venerabili
2368 950 2635 1018 domino
2683 951 2915 1038 legat0,

396 1062 491 1110 set
523 1066 749 1109 omnes
797 1044 1135 1124 revocavit,
1182 1044 1342 1109 sicut
1387 1043 1453 1108 in
1495 1043 1863 1109 autenticis¹
1909 1041 2126 1107 litteris
2174 1041 2300 1106 suis
2329 1039 2477 1106 vidi.
2556 1039 2693 1126 Ego
2728 1040 2916 1106 etiam

398 1156 473 1196 ex
521 1153 668 1196 corn
714 1132 964 1198 assione
1013 1132 1224 1218 paucis
1258 1131 1657 1196 amatissimis
1691 1129 1924 1196 nostris
1969 1128 2184 1195 inveni
2229 1126 2524 1208 formam,
2569 1150 2681 1214 per
2728 1150 2916 1216 quam

395 1218 640 1305 aliquan
686 1242 726 1284 o
774 1218 937 1306 apud
984 1242 1100 1285 vos
1149 1217 1373 1285 divinis
1432 1237 1695 1305 possent
1742 1215 1967 1283 officiis
2021 1217 2347 1296 interesse,
2413 1213 2784 1302 quibusdam
2841 1239 2918 1281 ex

395 1305 718 1392 privilegio
764 1306 964 1394 papali
1013 1318 1074 1374 et
1134 1306 1570 1393 procuratorio
1618 1305 1906 1386 nomine,
1954 1301 2325 1391 quibusdam
2375 1326 2450 1369 ex
2495 1303 2516 1368 i
2560 1304 2688 1368 sius
2731 1302 2918 1390 legati

395 1392 577 1460 nobis
633 1418 936 1462 concessa
995 1392 1387 1482 indulgentia
1432 1392 1746 1480 singulari.
1842 1393 2083 1457 Verum
2142 1392 2303 1479 quia,
2365 1413 2492 1478 quo
2592 1392 2916 1478 provisum

392 1480 507 1549 fuit
551 1480 628 1548 ad
675 1481 1108 1562 concordiam,
1166 1483 1330 1568 cepit
1373 1479 1635 1547 tendere
1682 1479 1761 1546 ad
1806 1503 2063 1561 noxam,
2121 1481 2203 1545 ita
2249 1491 2317 1545 ut
2375 1477 2556 1545 multi
2601 1477 2715 1545 sub
2762 1501 2918 1567 quo-

395 1593 640 1657 cunque
682 1569 898 1635 colore
934 1566 1224 1634 ecclesias
1261 1580 1499 1634 vestras
1544 1570 1866 1648 intrarent,
1909 1568 2304 1654 perciperent
2348 1586 2755 1648 sacramenta,
2800 1568 2917 1633 uti-

394 1680 541 1722 nam
590 1679 724 1723 non
773 1656 1210 1743 deciperentur
1258 1656 1694 1722 sacramentis!
1787 1656 1956 1722 Nam
2004 1653 2257 1743 quidam
2306 1677 2378 1721 ea
2422 1655 2605 1736 iuste,
2662 1653 2915 1743 quidam

394 1743 634 1811 ter'nere
681 1755 1218 1830 presumpserunt,
1267 1742 1383 1810 alie
1431 1766 1576 1809 cum
1626 1762 1836 1810 essent
1870 1744 2205 1829 coniugate
2254 1754 2315 1809 et
2354 1740 2614 1808 cottidie
2662 1764 2916 1809 excom-

398 1832 728 1897 municatis
755 1842 1180 1912 couterentur,
1214 1830 1617 1897 ecclesiarum
1643 1850 1991 1897 vestrarum
2026 1829 2241 1896 limina
2267 1829 2679 1896 calcaverunt.
2730 1829 2917 1896 Unde

394 1918 645 2007 plurimi
677 1917 1066 1985 scandalizati
1100 1931 1267 2000 sunt,
1313 1920 1398 1985 ita
1430 1931 1497 1986 ut
1578 1917 1910 1985 uibusdam
1942 1917 2249 1999 admissiS,
2298 1917 2429 1983 aliis
2461 1940 2595 1983 non
2628 1916 2917 1984 admissis

395 2005 648 2088 iudicio,
693 2029 809 2093 pro
847 2029 974 2095 quo
1021 2005 1477 2088 iudicabuntur,
1570 2009 1829 2088 icerent,
1919 2005 2051 2073 uod
2095 2005 2174 2072 ad
2220 2006 2345 2071 hoc
2392 2004 2748 2072 faciendum
2797 2029 2917 2071 nos

395 2093 665 2162 alliceret
708 2107 889 2181 turpe
936 2095 1198 2162 lucrum.
1276 2095 1539 2181 Insuper
1584 2030 2047 2181 ingratitudinis
2093 2092 2279 2161 nobis
2310 2094 2544 2159 vicium
2586 2092 2919 2160 affixerunt

395 2180 695 2263 dicenteS,
744 2181 918 2270 qnod
964 2181 1102 2248 illos
1150 2181 1650 2264 excluderemuS,
1708 2183 1814 2271 qui
1860 2180 2044 2248 nobis
2100 2179 2614 2248 indeclinabiliter
2661 2180 2918 2248 adhese-

394 2289 558 2352 runt,
607 2270 760 2336 alios
808 2269 1302 2353 admitteremus,
1350 2271 1455 2357 qui
1503 2293 1571 2336 se
1618 2291 1839 2357 parum
1887 2271 2119 2336 nostris
2156 2267 2629 2336 necessitatibus
2675 2270 2919 2355 impen-

394 2356 638 2425 derunt.
732 2357 1036 2445 Religiosi
1083 2356 1337 2444 quidam
1392 2369 1696 2444 preterea,
1754 2381 1900 2423 cum
1959 2368 2323 2444 arguuntur,
2383 2379 2573 2444 quare
2618 2356 2805 2423 latam
2852 2359 2917 2423 in

395 2446 709 2512 civitatem
770 2458 1028 2532 propter
1075 2444 1506 2512 Predicatores
1554 2447 1935 2512 sententiam
1996 2467 2128 2510 non
2180 2443 2538 2526 observent,
2594 2443 2915 2531 replicant,

397 2532 566 2621 quod
622 2556 734 2620 per
780 2545 1026 2600 nostras
1075 2555 1330 2600 sorores
1384 2533 1806 2620 principaliter
1853 2532 2140 2599 violetur.
2233 2533 2395 2621 Ipse,
2442 2532 2754 2620 inquiunt,
2815 2556 2920 2599 ex-

396 2622 903 2688 communicatos
935 2619 1294 2703 admittunt,
1343 2644 1486 2688 cum
1521 2622 1819 2708 recipitur
1864 2620 2088 2708 puella,
2136 2643 2281 2688 cum
2327 2619 2488 2688 fiunt
2521 2621 2803 2709 exequie,
2851 2621 2915 2687 in

393 2708 718 2776 locutione
766 2733 912 2776 cum
967 2709 1083 2775 illis
1130 2721 1276 2776 sunt
1336 2709 1602 2791 assidue,
1658 2709 1957 2775 familiam
2014 2721 2236 2776 tenent
2284 2711 2917 2791 excommunicatam,

395 2820 516 2885 que
561 2795 795 2864 audivit
828 2796 1038 2864 divina
1068 2821 1103 2863 a
1133 2796 1560 2865 sacerdotibus
1608 2796 1968 2885 profanatis
2047 2798 2362 2865 Conversi
2394 2820 2609 2864 earum
2643 2810 2705 2865 et
2735 2796 2913 2863 fami-

393 2884 573 2951 liares
619 2896 786 2951 stant
814 2886 904 2964 ‚in
954 2883 1229 2952 ecclesiis
1277 2897 1339 2952 et
1387 2898 1772 2952 concurrunt
1819 2908 1961 2952 cum
2020 2884 2220 2973 plebe,
2279 2897 2347 2952 ut
2396 2885 2621 2952 elevari
2665 2884 2918 2952 videant

396 2994 624 3058 corpus
682 2973 935 3039 Christi.
1029 2972 1206 3053 Quid
1259 2973 1475 3059 plura?
1565 2974 1704 3060 Ego
1762 2974 1879 3039 hiis
1941 2972 2314 3059 dispendiiS,
2379 2985 2569 3059 prout
2632 2996 2916 3060 possum,

397 3060 655 3145 cupiens
689 3058 962 3141 obviare,
1004 3083 1085 3126 ne
1133 3062 1468 3127 occasione
1502 3059 1759 3147 dampni
1806 3060 2152 3147 dampnum
2183 3059 2396 3128 videar
2441 3061 2744 3143 intulisse,
2792 3062 2917 3128 hoc

396 3168 540 3232 ag0‚
587 3145 761 3233 quod
807 3145 985 3213 saluti
1016 3167 1222 3214 vestre
1270 3167 1332 3214 et
1377 3150 1514 3234 paci
1561 3166 1920 3214 ceterorum
1966 3146 2270 3214 iudicatur
2300 3148 2722 3215 verisimiliter
2765 3172 2918 3215 con-

395 3234 629 3300 venire.
741 3233 1026 3300 Omnem
1100 3235 1289 3320 igitur
1353 3236 1686 3301 hominem
1749 3233 2088 3301 excludetis
2153 3233 2434 3302 obicibus
2501 3248 2563 3303 et
2624 3235 2915 3318 clavibus,

396 3320 649 3410 quando
709 3323 773 3387 in
832 3321 1089 3388 ecclesia
1134 3333 1340 3388 vestra
1396 3321 1790 3409 cappellanus
1847 3323 2134 3409 proprius
2180 3345 2342 3389 voce
2389 3321 2696 3389 submissa
2753 3322 2917 3391 dicet

395 3409 674 3489 missam,
722 3432 840 3475 nec
886 3409 1043 3474 rima
1088 3432 1295 3498 neque
1340 3409 1628 3476 foramen
1676 3408 1756 3476 ad
1801 3408 2146 3476 videndum
2193 3412 2257 3476 in
2307 3410 2528 3477 hostiis
2572 3423 2676 3478 aut
2720 3413 2916 3500 parie-

394 3495 556 3564 tibus
614 3495 1016 3586 relinquatur.
1110 3497 1333 3563 Missas
1388 3509 1598 3565 autem
1647 3497 1858 3565 dicent
1916 3499 1980 3563 in
2034 3497 2208 3565 festis
2268 3498 2673 3585 simplicibus,
2730 3501 2917 3566 semi·

397 3582 761 3671 duplicibuS,
820 3584 1164 3672 duplicibus
1223 3605 1283 3652 et
1339 3584 1672 3673 aliquando
1729 3609 1846 3673 pro
1908 3587 2236 3652 memoriis
2284 3585 2748 3653 defunctorum.
2840 3589 2917 3676 Et

392 3673 538 3739 licet
590 3671 941 3739 secundum
998 3675 1093 3739 ius
1148 3672 1347 3740 semel
1401 3673 1620 3740 saltem
1679 3675 1744 3739 in
1799 3674 2027 3761 pascha
2075 3675 2285 3741 omnis
2334 3674 2725 3742 Christianus
2774 3678 2916 3762 'per-
2941 3704 2955 3720 ··

396 3762 600 3847 cipere
649 3759 870 3827 debeat
904 3761 1271 3827 eucharistie
1318 3774 1804 3843 sacramentum,
1850 3761 2031 3828 vobis
2078 3782 2291 3829 tamen
2324 3761 2555 3850 aliquid
2602 3762 2747 3829 duxi
2786 3787 2917 3830 am·-

394 3846 551 3933 plius
599 3847 1103 3929 concedendum,
1161 3861 1228 3916 ut
1280 3850 1570 3916 videlicet
1624 3851 1687 3914 in
1747 3851 2065 3917 nativitate
2128 3849 2373 3917 domini
2431 3852 2916 3919 communicetis

397 3946 457 4001 et
501 3936 567 4001 in
613 3936 840 4022 pascha
873 3949 934 4004 et
981 3936 1181 4003 adhuc
1229 3960 1352 4003 una
1382 3938 1520 4005 vice
1566 3939 1632 4003 in
1664 3936 1874 4025 aliquo
1921 3936 2106 4019 fest0,
2156 3962 2298 4004 cum
2347 3940 2683 4024 priorisse²
2712 3941 2917 4026 magis

396 4021 726 4108 dispositas
772 4023 1043 4091 viderint
1102 4047 1239 4091 esse
1295 4048 1550 4093 sorores
1605 4026 1983 4112 accipientes
2031 4049 2107 4093 ex
2163 4026 2289 4092 hoc
2336 4039 2803 4113 argumentum,
2864 4030 2917 4093 si

395 4132 648 4177 sorores
680 4123 823 4178 ante
856 4112 1143 4178 vixerunt
1175 4112 1453 4199 pacifice,
1498 4115 1706 4202 quiete
1737 4115 1968 4200 pariter
2000 4126 2062 4181 et
2095 4112 2346 4195 devote,
2393 4116 2673 4200 provi50‚
2721 4114 2915 4202 quod,

394 4221 515 4284 que
564 4200 625 4263 in
676 4202 1407 4267 excommunicationem
1451 4200 1809 4268 inciderunt
1854 4200 2201 4289 loquend0,
2248 4201 2611 4269 mandando
2660 4225 2915 4269 excom-

396 4286 748 4368 municatiS,
794 4287 966 4376 quod
998 4289 1077 4355 ad
1117 4310 1254 4355 rem
1291 4311 1427 4354 non
1461 4290 1752 4375 pertinet,
1789 4313 1924 4355 non
1958 4291 2436 4357 communicent
2469 4292 2589 4356 nisi
2626 4291 2917 4377 primitus

393 4372 696 4456 absolute,
743 4398 933 4462 quam
964 4375 1429 4443 absolutionem
1463 4378 1802 4443 committo
1849 4378 1915 4443 in
1962 4376 2201 4444 casibus
2246 4376 2485 4444 levibus
2515 4379 2737 4445 vestris
2769 4401 2915 4465 pro-

435 4463 540 4527 riis
587 4461 979 4549 cappellaniS,
1035 4464 1102 4529 in
1147 4463 1537 4551 gravioribus
1583 4477 1816 4547 autem,
1872 4477 2116 4552 utpote,
2173 4466 2225 4531 si
2270 4466 2486 4532 amicis
2534 4468 2661 4534 suis
2708 4468 2915 4533 consi·

414 4550 546 4615 ium
591 4550 968 4637 impendunt
1009 4571 1072 4618 et
1118 4551 1416 4618 auxilium
1462 4564 1567 4619 aut
1611 4552 1897 4642 favorem
1944 4552 2369 4636 manifestum,
2418 4577 2550 4620 non
2600 4553 2916 4622 debebunt

393 4637 733 4724 cappellani
798 4638 1154 4721 absolvere,
1227 4641 1347 4707 nisi
1414 4660 1708 4728 presente
1778 4642 2074 4728 priorissa
2144 4665 2255 4708 sua
2329 4665 2470 4708 cum
2541 4642 2694 4725 hiis,
2761 4666 2916 4730 quas

498 4759 537 4801 F
548 4759 564 4802 i
574 4772 605 4803 n
617 4760 651 4802 k
663 4771 690 4803 e
702 4792 714 4813 ‚
750 4761 1268 4806 Dominikanerbriofe.
2681 4775 2703 4810 9
