3505 5335
411 355 455 424 J.
503 354 649 405 1288.
1583 349 1777 403 Briefe.
2061 319 2068 327 .
2822 355 2845 398 1
2866 355 2888 397 1
2907 354 2935 418 3

412 510 682 592 Additis,
741 509 914 598 quod
971 511 1309 597 porciones
1370 532 1504 574 non
1551 507 1805 575 solvunt
1853 507 2207 573 canonicas
2300 507 2709 595 RespondeO,
2768 509 2938 597 quod

410 600 597 686 proni
653 613 799 664 sunt
844 597 1090 664 solvere
1147 620 1345 685 usque
1406 594 1484 663 ad
1544 595 1627 676 id,
1684 619 1813 683 quo
1861 596 2208 683 specialiter
2255 608 2402 663 sunt
2447 595 2524 662 de
2584 598 2716 663 iure
2765 620 2940 663 com-

412 689 590 753 muni
636 685 737 753 vel
783 685 1112 773 privilegio
1174 686 1470 772 exempti.
1565 683 1855 769 Amplius
1918 706 1995 770 pa
2041 707 2073 749 a
2128 683 2242 749 sub
2300 683 2583 751 districto
2640 704 2939 772 precepto

410 773 751 862 prohibuit,
799 773 971 861 quod
1018 797 1053 839 a
1097 773 1384 839 fratribus
1429 771 1530 839 vel
1578 770 1936 859 parentibus
2014 770 2248 838 efuncti
2295 796 2406 838 seu
2454 771 2785 839 heredibus
2834 785 2937 839 aut

410 862 484 928 ab
550 863 700 950 ipsis
768 860 1206 928 executoribus
1276 883 1410 926 non
1470 861 1751 946 exigatur
1807 861 2030 946 porcio
2089 859 2447 946 legatorum
2502 859 2788 927 fratribus
2845 884 2939 927 re·
2994 888 2996 891 ·

410 951 727 1031 lictorum,
784 951 1011 1030 immo,
1069 948 1240 1036 quod
1290 972 1408 1015 nec
1465 951 1529 1014 in
1589 959 1765 1035 parte
1822 947 1923 1014 vel
1977 949 2042 1013 in
2100 959 2242 1014 toto
2298 946 2513 1035 prelati
2575 948 2938 1015 huiusmodi

411 1038 613 1126 legata
659 1061 795 1104 non
826 1037 1165 1104 vendicent
1209 1038 1327 1102 iuri
1374 1059 1514 1118 su0,
1565 1047 1731 1102 vetat
1777 1037 2187 1102 constitucio:
2236 1037 2420 1102 Extra
2469 1036 2546 1102 de
2582 1036 2938 1104 excessibus

412 1126 829 1212 prelatorum:
876 1126 1139 1192 Nimis.³
1215 1125 1295 1191 Se
1341 1126 1526 1206 uitur,
1560 1123 1735 1212 quod
1769 1123 2010 1190 nullum
2043 1122 2368 1190 infirmum
2403 1123 2738 1205 dimittant,
2829 1127 2937 1190 uin

414 1217 617 1301 ipsum
666 1237 779 1301 per
825 1238 892 1279 se
939 1212 1040 1280 vel
1087 1213 1241 1279 alios
1290 1213 1564 1293 iliciant,
1611 1223 1681 1278 ut
1725 1211 1890 1298 apud
1936 1213 2108 1299 ipsos
2155 1211 2373 1278 fratres
2426 1211 2611 1298 eligat
2658 1236 2806 1300 sepe
2830 1214 2936 1294 iri3

414 1301 582 1390 quod
629 1301 870 1368 nullum
901 1328 945 1390 y
993 1301 1205 1368 erbole
1241 1312 1352 1367 est.
1433 1300 1613 1380 Quin
1660 1302 1868 1387 ipsum
1909 1300 2195 1381 alliciant,
2243 1299 2626 1387 probacione
2675 1300 2935 1387 indiget.

414 1392 475 1455 Si
509 1392 675 1456 enim
728 1391 895 1456 iuxta
972 1391 1282 1456 octrinam
1331 1390 1633 1476 sapientie
1679 1411 1814 1454 non
1863 1390 2035 1475 piget
2080 1388 2297 1454 fratres
2329 1389 2577 1455 visitare
2625 1387 2936 1470 infirmOS,

413 1490 479 1545 ut
513 1502 588 1544 ex
635 1479 759 1545 hoc
806 1479 870 1543 in
904 1477 1244 1544 dilectione
1275 1475 1636 1558 firmentur,
1684 1478 1737 1541 si
1771 1499 1930 1563 opus
1962 1477 2227 1563 implent
2265 1476 2718 1557 misericordie,
2765 1478 2939 1544 veni-

412 1578 588 1633 entes
635 1565 713 1632 ad
759 1564 1051 1632 infirmos
1090 1577 1154 1632 et
1199 1567 1264 1630 in
1313 1588 1580 1646 carcere,
1628 1565 1680 1630 si
1713 1563 2123 1630 consolantur
2171 1566 2443 1630 amicum
2493 1566 2558 1629 in
2601 1565 2769 1631 exitu
2816 1567 2938 1652 spi-

410 1656 563 1720 ritus
610 1656 726 1735 sui,
783 1653 902 1720 hiis
951 1653 1245 1741 operibus
1302 1652 1575 1739 benigna
1620 1675 1755 1718 non
1813 1652 2085 1739 maligna
2131 1651 2297 1719 foret
2341 1653 2785 1739 interpretacio
2832 1653 2936 1718 ad-

411 1741 682 1808 hibenda
729 1795 742 1808 .
795 1795 808 1807 .
861 1795 874 1807 .
924 1742 1188 1808 Sanctus
1234 1795 1246 1806 .
1286 1794 1299 1806 .
1337 1795 1349 1807 .
1384 1740 1761 1828 predicator,
1808 1739 1913 1806 ubi
1958 1751 2322 1827 peccatores
2372 1763 2509 1806 esse
2558 1739 2933 1821 considerat,

412 1829 554 1896 illuc
600 1832 780 1896 anxie
828 1829 1140 1917 provolat,
1188 1840 1258 1895 ut
1301 1831 1366 1895 in
1415 1829 1653 1916 peccati
1699 1840 1909 1894 morte
1969 1827 2312 1895 iacentibus
2358 1827 2562 1894 lucem
2611 1827 2937 1895 vivificati-

411 1920 552 1983 onis
587 1918 897 1999 ostendat,
947 1938 1008 1984 et
1057 1919 1175 1984 hec
1206 1928 1420 2004 potest
1465 1941 1604 1983 esse
1635 1920 1817 1997 ratio,
1866 1940 2055 2004 quare
2093 1918 2158 1981 in
2191 1915 2747 2003 sollempnioribus
2780 1917 2934 1983 locis

410 2005 639 2073 habent
695 2005 1058 2087 habitacula,
1116 2017 1184 2072 ut
1240 2028 1356 2092 pro
1413 2017 1704 2092 tempore
1761 2003 2204 2085 laborantibu3,
2264 2003 2744 2086 infirmantibuS,
2793 2028 2935 2092 pec-

409 2093 690 2160 cantibus
729 2093 884 2161 fiant
929 2093 1204 2181 presidio
1244 2094 1380 2159 sine
1414 2116 1613 2159 mora.
1690 2091 1953 2174 Illecti0,
2002 2094 2053 2158 si
2083 2091 2175 2174 fit,
2223 2091 2543 2179 probetur,
2591 2116 2740 2158 narn
2772 2092 2935 2160 solet

406 2180 541 2248 fieri
572 2204 684 2269 per
717 2184 1006 2248 munera!
1048 2236 1060 2248 .
1101 2236 1112 2248 .
1152 2234 1165 2247 .
1202 2182 1267 2248 Si
1297 2193 1510 2248 autem
1544 2181 1757 2247 verbis'
1781 2179 1960 2247 fieret
1993 2192 2055 2246 et
2096 2203 2208 2267 per
2240 2180 2512 2247 modum
2545 2181 2934 2247 consulentis

409 2294 483 2335 ex
531 2269 821 2351 consiliO,
878 2293 1074 2336 nemo
1134 2268 1475 2356 obligatur,
1533 2292 1682 2335 narn
1739 2270 1845 2355 qui
1903 2280 2241 2349 exortatur,
2298 2267 2686 2335 mandatoris
2743 2292 2934 2356 opera

407 2381 542 2424 non
590 2357 870 2444 fungitur
902 2381 1020 2443 nec
1067 2369 1316 2424 tenetur
1349 2359 1599 2424 actione
1632 2356 1710 2423 de
1752 2379 1939 2423 servo
1976 2367 2297 2444 corruptO,
2345 2357 2452 2444 qui
2484 2356 2929 2423 condicionem

408 2447 600 2532 ipsius
634 2444 869 2512 studuit
899 2444 1102 2512 facere
1141 2445 1494 2512 meliorem.
1574 2445 1887 2532 Sequitur,
1933 2444 2107 2532 quod
2139 2446 2201 2510 in
2241 2443 2500 2531 publicis
2533 2444 2933 2511 sermonibus

406 2533 655 2620 prelatis
714 2533 1048 2600 detrahunt
1096 2546 1158 2600 et
1203 2533 1337 2616 alia,
1396 2557 1518 2621 que
1574 2545 1898 2599 secuntur:
1958 2532 2131 2619 quod
2191 2531 2429 2598 clerum
2489 2532 2931 2619 depauperant,

405 2622 896 2710 hospitalitatem
953 2621 1026 2689 ab
1085 2645 1164 2689 eo
1220 2633 1579 2702 removent,
1644 2620 1933 2688 solvendi
1989 2619 2330 2687 maioribus
2388 2619 2593 2688 debita
2647 2620 2932 2688 adimunt

405 2710 782 2778 facultatem.
860 2712 999 2777 Hec
1046 2710 1421 2798 probatione
1468 2709 1773 2797 indigent.
1856 2710 2095 2776 Nescio
2130 2711 2266 2797 quis
2314 2710 2433 2775 hos
2475 2709 2815 2791 fascinavit,
2865 2730 2932 2776 ut

406 2800 649 2886 opinari
682 2797 1022 2887 possi(n)t,
1071 2798 1244 2886 quod
1279 2799 1515 2865 Christi
1552 2821 1877 2885 paupereS,
1917 2799 2024 2886 qui
2061 2796 2447 2885 reliquerunt
2478 2799 2695 2864 omnia
2726 2798 2932 2865 habita

406 2898 468 2953 et
523 2886 827 2967 habenda,
878 2940 891 2952 .
943 2940 957 2953 .
1010 2939 1023 2951 .
1074 2910 1207 2953 non
1253 2886 1501 2953 valeant
1547 2885 1626 2953 de
1671 2887 1888 2953 altario
1934 2888 2165 2967 vivere,
2215 2887 2320 2973 qui
2365 2897 2661 2952 tenentur
2714 2886 2929 2953 altario

406 2972 740 3041 deservire.
820 2975 979 3041 Sunt
1025 2974 1159 3056 alia,
1218 2998 1339 3062 que
1400 2977 1571 3062 ipsos
1627 2986 1979 3061 apportant.
2057 2974 2224 3040 Nam
2280 2973 2753 3060 potencioribus
2814 2974 2929 3041 sibi

406 3060 710 3128 beneficia
734 3061 1286 3149 multiplicantibus
1317 3062 1754 3150 relinquuntur
1778 3063 2021 3129 vicariis
2052 3063 2275 3148 exigue
2308 3064 2668 3149 porcioneS,
2700 3061 2931 3128 tollunt

407 3161 612 3234 partes
658 3148 795 3216 laici
842 3152 1089 3216 timoris
1137 3174 1319 3217 causa
1365 3150 1744 3232 honorandi,
1794 3150 2105 3216 aufferunt
2142 3151 2399 3231 victum,
2448 3149 2669 3237 quibus
2718 3152 2780 3215 in
2831 3174 2931 3217 ec-

408 3236 609 3303 clesiis
657 3239 751 3303 ius
784 3240 1089 3325 competit
1135 3250 1518 3325 patronatus
1598 3238 1933 3304 Sentencie
1972 3261 2227 3325 quoque
2273 3249 2596 3325 tamquam
2628 3237 2929 3325 quadrige

405 3322 621 3391 falcate
679 3325 966 3392 videlicet
1022 3327 1720 3407 excommunicationiS,
1778 3325 2113 3406 interdicti,
2170 3327 2624 3412 suspensioniS,
2683 3328 2927 3393 cassati-

405 3414 584 3479 onis⁴
617 3412 840 3480 additis
881 3417 1408 3501 aggravacionum
1453 3413 1721 3481 stimulis
1756 3413 2160 3480 ecclesiarum
2203 3412 2512 3500 stipendia
2543 3412 2926 3481 submovent

405 3512 485 3581 et,
533 3525 694 3589 quos
743 3501 1075 3569 offendunt
1121 3503 1333 3583 laicoS,
1382 3502 1611 3568 faciunt
1662 3501 2021 3568 indevotos,
2101 3502 2219 3567 Hic
2268 3524 2402 3567 non
2451 3500 2529 3567 de
2568 3500 2926 3569 Predicato-

401 3588 568 3655 ribus
616 3589 725 3656 sed
760 3589 837 3656 de
868 3591 1143 3677 patribus
1176 3603 1513 3678 querantur
1559 3588 1689 3671 filii,
1736 3589 2026 3678 quidum
2074 3613 2471 3669 mucronem,
2514 3613 2641 3677 quo
2690 3590 2925 3677 piacula

401 3697 781 3757 resecantur,
829 3680 893 3743 in
942 3679 1160 3745 hostes
1201 3691 1607 3765 promovent,
1659 3678 1741 3744 illi
1791 3677 2111 3762 moraliter
2145 3676 2616 3759 confodiuntur,
2666 3680 2763 3744 isti
2796 3702 2927 3745 rea-

399 3764 536 3831 liter
592 3766 955 3853 spoliantur.
1052 3766 1213 3852 Sepe
1273 3768 1483 3847 etiam,
1542 3786 1609 3832 ut
1665 3766 1780 3832 alia
1837 3765 2327 3847 dissimulentur,
2382 3765 2561 3852 longi
2618 3769 2925 3854 temporis

399 3855 635 3919 victum
692 3856 756 3920 in
804 3853 1275 3920 visitacionibus
1321 3853 1524 3920 brevis
1572 3855 1725 3920 hora
1774 3853 2062 3921 absumit.
2150 3853 2452 3920 Additur:
2511 3854 2729 3921 fratres
2786 3878 2925 3942 per-

400 3940 681 4022 suadere,
739 3940 913 4028 quod
969 3942 1106 4007 laici
1155 3944 1437 4009 contenti
1487 3944 1612 4009 sint
1658 3941 2063 4009 confessione
2116 3944 2264 4027 ipsis
2311 3941 2490 4023 facta,
2549 3944 2629 4009 ita
2674 3956 2744 4010 ut
2791 3967 2922 4009 non

399 4040 692 4115 oporteat
746 4028 823 4095 ad
869 4028 1266 4096 sacerdotem
1321 4031 1645 4118 proprium
1704 4029 2003 4097 accedere
2054 4042 2115 4096 et
2171 4029 2644 4096 confessionem
2700 4032 2923 4097 iterare

399 4128 617 4183 contra
666 4116 1037 4202 capitulum:
1088 4118 1323 4183 Omnis
1356 4120 1731 4206 utriusque.⁵
1810 4120 1931 4184 Hic
1970 4120 2368 4205 supervacuis
2414 4117 2760 4184 laborarem
2807 4120 2922 4184 im-

397 4203 664 4290 pendiiS,
697 4204 901 4270 solem
934 4204 1158 4272 volens
1190 4204 1424 4272 facibus
1457 4205 1776 4273 adiuvare!
1841 4207 2008 4273 Nam
2043 4204 2406 4272 huiusmodi
2438 4207 2662 4271 susurii
2694 4230 2920 4273 venam

396 4290 621 4359 furtive
681 4316 815 4358 non
862 4295 1119 4380 suscipit
1165 4295 1348 4375 auriS,
1406 4294 1516 4360 sed
1564 4293 1915 4381 predicatur
1969 4295 2033 4360 in
2082 4295 2283 4374 tectiS,
2342 4292 2514 4381 quod
2562 4293 2761 4360 semel
2806 4296 2923 4362 rite

397 4378 555 4446 facta
604 4379 922 4447 confessio
982 4405 1118 4447 non
1173 4382 1251 4447 sit
1306 4381 1605 4449 iteranda.
1696 4381 1893 4448 Audit
1940 4381 2412 4448 confessionem
2470 4382 2802 4469 episcopus
2859 4403 2921 4450 et

395 4491 527 4534 non
593 4470 913 4555 repetitur,
972 4469 1256 4536 similiter
1308 4489 1454 4556 post
1506 4471 1527 4535 i
1573 4493 1714 4535 sum
1777 4468 2070 4537 sacerdos
2135 4470 2453 4557 proprius,
2520 4471 2673 4536 item
2727 4471 2920 4557 ipsius

392 4557 657 4622 vicarius
706 4557 935 4623 horum
985 4560 1408 4624 mercenarius
1454 4493 1568 4624 vei)
1600 4559 1757 4624 socii
1804 4559 2028 4624 annuis
2077 4558 2375 4624 conducti
2421 4557 2766 4645 stipendiiS,
2814 4562 2920 4646 qui

392 4644 495 4709 vix
540 4646 605 4710 in
654 4643 878 4710 ordine
925 4648 1319 4731 reperiuntur
1378 4645 1793 4712 ecclesiastice
1854 4646 2174 4713 ierarchie.
2268 4645 2393 4712 Sed
2441 4669 2575 4712 non
2621 4648 2920 4733 repetitur

496 4765 561 4807 Fi
575 4778 603 4807 n
620 4766 652 4808 k
669 4778 694 4809 e
707 4798 720 4818 ‚
763 4767 1288 4813 Dominikanerbriefe.
2687 4781 2708 4811 s
